time,bid,ask
1526127509963,8586.00,8588.50
1526127513971,8586.00,8588.50
1526127517663,8586.00,8588.50
1526127521420,8585.18,8588.50
1526127525253,8581.47,8595.91
1526127529598,8579.97,8591.21
1526127533334,8579.97,8591.21
1526127536606,8579.97,8588.42
1526127540614,8579.98,8595.78
1526127544363,8579.98,8595.78
1526127547367,8579.98,8589.65
1526127551441,8575.48,8589.64
1526127554658,8575.83,8589.64
1526127557904,8575.83,8589.64
1526127562529,8575.91,8587.91
1526127566617,8576.24,8587.89
1526127569800,8577.60,8587.87
1526127573116,8577.60,8587.87
1526127574978,8578.29,8587.86
1526127579925,8578.29,8587.86
1526127585018,8579.17,8586.72
1526127588081,8579.31,8586.72
1526127592227,8579.43,8586.37
1526127595440,8579.43,8586.37
1526127599632,8579.45,8586.73
1526127603123,8579.60,8586.37
1526127606681,8580.12,8586.72
1526127610647,8580.14,8586.73
1526127614044,8580.14,8586.73
1526127616907,8580.16,8585.88
1526127621836,8580.16,8585.88
1526127625378,8580.16,8585.88
1526127629165,8574.55,8578.05
1526127632749,8570.83,8576.64
1526127635717,8570.83,8576.64
1526127639797,8575.43,8576.62
1526127643432,8575.43,8576.62
1526127647584,8575.43,8576.62
1526127651701,8571.90,8578.36
1526127655024,8571.94,8578.36
1526127658186,8571.94,8578.36
1526127662494,8572.37,8578.34
1526127665604,8572.37,8578.34
1526127669972,8570.20,8571.26
1526127673024,8570.20,8571.26
1526127677268,8570.20,8571.25
1526127681420,8563.59,8570.07
1526127683417,8563.59,8570.07
1526127687985,8563.60,8569.73
1526127692331,8563.60,8569.72
1526127695481,8564.35,8576.20
1526127699796,8565.47,8573.99
1526127703048,8565.47,8573.99
1526127707323,8567.74,8575.99
1526127710593,8567.82,8575.73
1526127712618,8567.82,8575.73
1526127717872,8567.05,8574.30
1526127721808,8569.01,8573.42
1526127725830,8569.01,8573.42
1526127729504,8569.02,8574.09
1526127732631,8569.04,8575.99
1526127735868,8569.04,8575.99
1526127739603,8575.41,8575.98
1526127743997,8575.41,8575.99
1526127747745,8575.41,8575.99
1526127751019,8575.62,8585.99
1526127754867,8575.82,8579.87
1526127758931,8586.73,8586.99
1526127761750,8586.73,8586.99
1526127766247,8581.32,8592.09
1526127769136,8581.43,8592.23
1526127773043,8581.43,8592.23
1526127776872,8581.43,8592.23
1526127780967,8581.49,8591.60
1526127784117,8581.49,8591.60
1526127788183,8581.49,8590.54
1526127791942,8581.51,8588.99
1526127795206,8581.51,8588.99
1526127799501,8581.51,8589.01
1526127803562,8581.67,8585.00
1526127806525,8581.67,8585.00
1526127810587,8581.71,8591.99
1526127812527,8581.71,8591.99
1526127818732,8591.59,8591.99
1526127821770,8591.59,8594.30
1526127826086,8591.59,8594.49
1526127830159,8591.59,8594.49
1526127833065,8591.59,8594.60
1526127836817,8591.59,8594.99
1526127840660,8591.59,8594.99
1526127844533,8591.59,8594.99
1526127847736,8591.59,8594.99
1526127851551,8585.00,8594.96
1526127855273,8585.00,8594.96
1526127859673,8585.01,8591.48
1526127862930,8591.47,8591.48
1526127867026,8585.00,8591.46
1526127870347,8585.00,8591.46
1526127874318,8585.01,8591.44
1526127878217,8585.01,8591.44
1526127882104,8585.01,8591.43
1526127882104,8585.01,8591.43
1526127889295,8585.01,8591.41
1526127892374,8585.01,8591.47
1526127897019,8585.01,8591.47
1526127899887,8585.03,8591.47
1526127902995,8585.04,8591.47
1526127908089,8585.05,8591.47
1526127909947,8585.05,8591.47
1526127914817,8585.07,8591.47
1526127918948,8585.09,8591.32
1526127922929,8585.09,8591.48
1526127925116,8585.09,8591.48
1526127929178,8585.11,8591.47
1526127933751,8585.11,8592.97
1526127937422,8585.11,8592.97
1526127939974,8592.00,8593.71
1526127944773,8592.01,8593.86
1526127948237,8592.01,8593.86
1526127951964,8592.02,8598.62
1526127955722,8592.02,8595.45
1526127959362,8592.00,8595.44
1526127962799,8592.00,8595.44
1526127967347,8592.04,8595.44
1526127970354,8592.01,8599.80
1526127974623,8592.01,8598.35
1526127978459,8592.01,8598.35
1526127981835,8598.60,8599.80
1526127986150,8592.01,8598.33
1526127989103,8592.05,8598.98
1526127993586,8592.07,8598.97
1526127997859,8592.07,8598.97
1526128002441,8592.09,8598.97
1526128005374,8592.09,8598.98
1526128009427,8592.09,8598.98
1526128013325,8592.10,8598.97
1526128016677,8592.12,8598.97
1526128020253,8592.13,8598.98
1526128024379,8592.13,8598.98
1526128027457,8592.13,8598.98
1526128031694,8592.17,8598.98
1526128034966,8592.17,8598.59
1526128038887,8592.17,8598.59
1526128042338,8592.17,8598.59
1526128046347,8598.98,8599.80
1526128050357,8598.98,8599.80
1526128053726,8598.98,8599.63
1526128057583,8598.98,8599.61
1526128061431,8592.02,8599.57
1526128065157,8592.02,8599.57
1526128069305,8592.02,8599.57
1526128072451,8592.02,8599.77
1526128076228,8592.03,8599.77
1526128079533,8592.03,8599.77
1526128083741,8592.03,8599.77
1526128087525,8592.07,8599.12
1526128090973,8592.07,8599.13
1526128095102,8592.07,8599.13
1526128098841,8592.09,8599.12
1526128102129,8592.10,8599.13
1526128105878,8592.11,8599.13
1526128109244,8592.11,8599.13
1526128109244,8592.11,8599.13
1526128117051,8592.14,8593.90
1526128120346,8592.14,8593.90
1526128124461,8593.90,8593.91
1526128127218,8592.00,8593.68
1526128131225,8592.00,8593.68
1526128135892,8592.00,8593.78
1526128138736,8590.00,8593.99
1526128143091,8590.00,8593.98
1526128146900,8590.00,8591.63
1526128150120,8590.00,8591.63
1526128153720,8590.00,8591.63
1526128157968,8585.18,8585.99
1526128160929,8585.18,8585.99
1526128165411,8585.99,8589.99
1526128165411,8585.99,8589.99
1526128172645,8585.18,8586.52
1526128176524,8585.00,8586.52
1526128179646,8585.00,8585.77
1526128183621,8585.00,8585.77
1526128187058,8585.00,8585.77
1526128191480,8585.00,8585.77
1526128194559,8585.01,8585.99
1526128198290,8585.01,8585.99
1526128201863,8590.99,8591.00
1526128205985,8586.26,8590.72
1526128208946,8586.26,8590.72
1526128212992,8585.01,8589.07
1526128216334,8585.01,8589.07
1526128220753,8585.00,8586.47
1526128223908,8585.00,8586.47
1526128228415,8577.40,8579.91
1526128231515,8576.46,8581.21
1526128235734,8576.46,8581.21
1526128238604,8576.46,8578.70
1526128243264,8576.45,8577.74
1526128246470,8576.45,8576.64
1526128250674,8576.45,8576.64
1526128254008,8576.46,8578.89
1526128257423,8576.45,8583.98
1526128261399,8576.45,8583.98
1526128265636,8578.89,8583.97
1526128269113,8578.89,8582.36
1526128271510,8578.89,8582.36
1526128276618,8576.45,8578.89
1526128280574,8576.45,8578.89
1526128283758,8578.89,8581.50
1526128288754,8576.46,8579.81
1526128293650,8579.81,8582.89
1526128297755,8576.46,8582.80
1526128301470,8576.46,8582.80
1526128304440,8576.46,8582.80
1526128308329,8576.46,8582.80
1526128312559,8576.47,8581.77
1526128315419,8576.47,8581.77
1526128319254,8576.47,8581.77
1526128323501,8573.77,8575.61
1526128324539,8573.77,8575.61
1526128330693,8573.80,8575.60
1526128333788,8573.80,8575.60
1526128337918,8573.80,8575.60
1526128341719,8575.14,8581.43
1526128344909,8575.21,8581.99
1526128349019,8575.61,8583.98
1526128351962,8575.61,8583.98
1526128356978,8575.63,8581.63
1526128360113,8575.63,8583.99
1526128364474,8575.64,8579.18
1526128366331,8575.64,8579.18
1526128371734,8575.64,8579.18
1526128375543,8569.18,8579.25
1526128378792,8569.18,8579.25
1526128382148,8569.86,8577.50
1526128386357,8570.37,8575.62
1526128388551,8570.37,8575.62
1526128397462,8575.61,8575.62
1526128401517,8570.67,8575.62
1526128404641,8570.67,8575.62
1526128408405,8575.61,8575.62
1526128412337,8571.26,8575.62
1526128415370,8571.26,8575.62
1526128419460,8571.31,8575.62
1526128423333,8575.52,8577.94
1526128427347,8577.93,8585.67
1526128430659,8577.93,8585.67
1526128434411,8577.81,8577.99
1526128437016,8575.33,8580.09
1526128441373,8575.58,8580.10
1526128445694,8575.58,8580.10
1526128449158,8575.77,8580.09
1526128452557,8575.77,8580.09
1526128456964,8575.77,8580.09
1526128460602,8577.21,8586.29
1526128463650,8577.22,8579.53
1526128467512,8577.22,8579.53
1526128471600,8577.22,8579.53
1526128474862,8577.22,8579.53
1526128478234,8577.24,8586.25
1526128481876,8577.24,8586.25
1526128485431,8577.25,8580.52
1526128490362,8577.26,8580.52
1526128493295,8577.26,8580.52
1526128497150,8577.22,8580.51
1526128500618,8577.22,8580.51
1526128504537,8577.22,8577.76
1526128507834,8577.22,8577.76
1526128511223,8577.22,8577.76
1526128515527,8577.22,8577.55
1526128518778,8577.22,8577.55
1526128523151,8577.34,8579.63
1526128526566,8577.34,8579.63
1526128530503,8577.34,8579.63
1526128534775,8577.34,8579.63
1526128538028,8577.35,8579.99
1526128541812,8577.35,8579.99
1526128544737,8577.35,8579.99
1526128548676,8577.35,8580.81
1526128553115,8577.37,8586.29
1526128555071,8577.37,8586.29
1526128559595,8580.79,8586.29
1526128563726,8577.63,8586.29
1526128567512,8577.40,8581.89
1526128569667,8577.40,8581.89
1526128574896,8577.70,8586.29
1526128578953,8580.53,8584.10
1526128581083,8580.53,8584.10
1526128585810,8580.54,8583.88
1526128589646,8580.53,8582.49
1526128592770,8582.48,8582.49
1526128597346,8582.48,8582.49
1526128600532,8582.48,8582.49
1526128604467,8582.48,8582.49
1526128608256,8582.48,8582.49
1526128612154,8582.48,8582.49
1526128615538,8582.48,8582.49
1526128619499,8582.48,8582.49
1526128622241,8582.48,8582.49
1526128625911,8582.48,8582.49
1526128630073,8579.88,8580.17
1526128633609,8579.88,8579.89
1526128637580,8576.00,8577.55
1526128641899,8576.00,8577.54
1526128645774,8576.00,8577.54
1526128649007,8571.31,8577.09
1526128653385,8571.34,8575.46
1526128655568,8571.34,8575.46
1526128660595,8571.37,8578.90
1526128664167,8571.37,8578.90
1526128667161,8576.01,8576.99
1526128671792,8568.52,8577.72
1526128674497,8568.52,8577.72
1526128678631,8568.52,8577.72
1526128682635,8569.85,8577.99
1526128685857,8569.85,8577.99
1526128689466,8570.30,8577.98
1526128693721,8571.53,8575.26
1526128696713,8571.54,8575.26
1526128698991,8571.54,8575.26
1526128704995,8571.54,8575.25
1526128707969,8571.37,8576.00
1526128711375,8571.37,8576.00
1526128711375,8571.37,8576.00
1526128719763,8571.37,8576.00
1526128722637,8571.40,8576.00
1526128726592,8571.40,8576.00
1526128730438,8571.40,8576.00
1526128734842,8571.41,8576.00
1526128738355,8571.41,8576.00
1526128741968,8567.16,8570.20
1526128745198,8567.31,8570.19
1526128748813,8566.54,8570.20
1526128751837,8566.54,8570.20
1526128756958,8566.54,8570.20
1526128759790,8566.50,8570.85
1526128763775,8566.50,8570.85
1526128767233,8566.60,8570.85
1526128771295,8568.68,8570.85
1526128772522,8568.68,8570.85
1526128779285,8570.85,8577.99
1526128782349,8570.85,8577.99
1526128786004,8572.64,8577.98
1526128789873,8572.64,8577.98
1526128793825,8572.64,8577.98
1526128796913,8572.54,8572.59
1526128800684,8569.40,8572.58
1526128804511,8569.40,8572.58
1526128805736,8569.40,8572.58
1526128811662,8568.91,8572.58
1526128816283,8568.91,8572.58
1526128819522,8568.91,8572.58
1526128823085,8570.80,8572.89
1526128826172,8570.84,8572.99
1526128830621,8570.85,8572.99
1526128834523,8570.87,8575.70
1526128836651,8570.87,8575.70
1526128841367,8570.87,8575.70
1526128844615,8571.36,8576.98
1526128849459,8571.36,8576.98
1526128852392,8570.90,8576.99
1526128856342,8571.79,8576.99
1526128860307,8571.79,8576.99
1526128863825,8571.80,8581.99
1526128867867,8574.26,8581.98
1526128871608,8574.28,8581.98
1526128874886,8574.28,8581.98
1526128878637,8575.98,8581.70
1526128882536,8575.98,8581.70
1526128886117,8575.99,8581.70
1526128887521,8575.99,8581.70
1526128892876,8575.99,8581.98
1526128896698,8580.00,8581.98
1526128900549,8580.00,8581.98
1526128904560,8580.00,8581.98
1526128908470,8580.01,8581.98
1526128911723,8580.01,8581.98
1526128914215,8580.98,8581.98
1526128919362,8580.99,8581.98
1526128923435,8580.99,8581.98
1526128926132,8580.99,8581.98
1526128930160,8580.99,8581.98
1526128934090,8580.99,8581.98
1526128937862,8580.99,8581.98
1526128941631,8581.19,8582.99
1526128945157,8581.63,8586.81
1526128949749,8580.01,8586.89
1526128952609,8580.01,8586.89
1526128956556,8580.01,8586.88
1526128960433,8581.31,8586.95
1526128964449,8581.32,8586.42
1526128968188,8581.32,8586.42
1526128971042,8581.31,8586.39
1526128973997,8581.31,8586.37
1526128976800,8581.31,8586.37
1526128982846,8581.31,8586.17
1526128984181,8581.31,8586.17
1526128993805,8581.31,8585.99
1526128997163,8581.31,8585.77
1526129000947,8581.31,8585.76
1526129004800,8581.31,8585.77
1526129008752,8581.31,8585.77
1526129011786,8581.31,8585.77
1526129014941,8581.31,8585.77
1526129018162,8581.31,8585.77
1526129022968,8581.32,8585.77
1526129026665,8583.03,8585.78
1526129030570,8583.03,8585.78
1526129034156,8583.05,8586.99
1526129038161,8582.62,8587.88
1526129041246,8582.62,8587.88
1526129045485,8583.64,8589.99
1526129049242,8583.64,8589.99
1526129052311,8583.64,8589.99
1526129056299,8583.69,8587.40
1526129060284,8583.69,8587.40
1526129063893,8583.69,8587.40
1526129066797,8583.69,8587.40
1526129070941,8580.01,8587.39
1526129074624,8580.01,8587.37
1526129078349,8580.04,8587.36
1526129082523,8580.07,8587.35
1526129085861,8580.07,8587.35
1526129089181,8580.41,8587.99
1526129092966,8580.41,8587.99
1526129097307,8580.41,8587.99
1526129100522,8580.33,8587.97
1526129103746,8580.89,8587.97
1526129107605,8580.89,8587.97
1526129112027,8580.90,8587.97
1526129115285,8582.01,8587.97
1526129119414,8582.01,8587.97
1526129122750,8582.01,8587.97
1526129126933,8582.17,8587.99
1526129130023,8582.02,8587.97
1526129132918,8582.02,8587.97
1526129137773,8582.86,8593.56
1526129141093,8584.60,8593.56
1526129144840,8584.60,8593.56
1526129149302,8584.64,8593.56
1526129152224,8586.47,8593.56
1526129155456,8586.47,8593.56
1526129160546,8587.10,8593.56
1526129163702,8586.74,8593.00
1526129168033,8586.98,8591.26
1526129171511,8586.98,8591.26
1526129174937,8586.57,8591.26
1526129179109,8586.57,8591.26
1526129182976,8588.17,8591.26
1526129184171,8588.17,8591.26
1526129186457,8588.17,8591.26
1526129192581,8587.76,8591.26
1526129195423,8588.24,8591.27
1526129200648,8588.24,8591.27
1526129203468,8588.25,8599.26
1526129206275,8588.25,8599.26
1526129209479,8588.93,8591.90
1526129214883,8589.28,8599.03
1526129219817,8591.66,8599.75
1526129223742,8591.67,8599.74
1526129227736,8591.67,8599.74
1526129231841,8591.70,8599.75
1526129235561,8596.12,8599.99
1526129239019,8591.93,8600.00
1526129242246,8591.93,8600.00
1526129245972,8597.02,8599.99
1526129250842,8597.02,8599.99
1526129254713,8597.08,8600.00
1526129257771,8597.08,8600.00
1526129261662,8597.09,8599.99
1526129265408,8597.11,8599.99
1526129269703,8597.16,8599.99
1526129272730,8597.16,8599.99
1526129277026,8597.12,8599.99
1526129281097,8597.18,8599.99
1526129284306,8597.20,8599.99
1526129288327,8597.20,8599.99
1526129292122,8592.44,8599.98
1526129294535,8599.98,8600.00
1526129298906,8599.98,8600.00
1526129303006,8597.84,8600.00
1526129306225,8597.95,8599.99
1526129310167,8597.96,8599.99
1526129313840,8597.96,8599.99
1526129316879,8597.51,8599.99
1526129321298,8597.51,8599.99
1526129324211,8597.51,8599.99
1526129329050,8600.05,8606.73
1526129331908,8610.00,8610.57
1526129336701,8610.92,8611.99
1526129339400,8610.92,8611.99
1526129343960,8610.92,8611.99
1526129347095,8621.43,8623.99
1526129351241,8622.82,8624.51
1526129354610,8622.82,8624.51
1526129356738,8624.66,8629.16
1526129361645,8625.00,8627.84
1526129365618,8625.00,8627.84
1526129369062,8625.00,8627.84
1526129373185,8622.20,8622.85
1526129376463,8621.59,8626.61
1526129380963,8620.11,8627.99
1526129384038,8620.11,8627.99
1526129388036,8622.82,8628.50
1526129391377,8622.82,8628.50
1526129395337,8624.39,8626.21
1526129398390,8624.39,8626.18
1526129401686,8614.03,8626.17
1526129406350,8614.03,8626.17
1526129409339,8617.73,8625.30
1526129413789,8618.04,8622.92
1526129417734,8618.04,8622.92
1526129420722,8618.04,8622.92
1526129424622,8623.68,8626.99
1526129427617,8622.95,8623.18
1526129432124,8622.95,8623.18
1526129435679,8622.96,8623.18
1526129438953,8621.00,8623.18
1526129443446,8615.92,8621.65
1526129446707,8615.92,8621.65
1526129449990,8615.93,8621.64
1526129453949,8613.07,8620.91
1526129458190,8613.07,8620.91
1526129461002,8609.97,8617.53
1526129465991,8611.43,8621.65
1526129469742,8611.43,8621.65
1526129474371,8618.14,8629.15
1526129477467,8618.14,8629.15
1526129481241,8618.15,8623.60
1526129485115,8618.16,8632.04
1526129489298,8618.16,8632.04
1526129492147,8614.70,8616.36
1526129496075,8620.00,8632.09
1526129499880,8620.00,8632.09
1526129503672,8622.97,8631.98
1526129507746,8622.95,8631.96
1526129511602,8623.52,8631.95
1526129514795,8623.52,8631.95
1526129518605,8623.52,8631.94
1526129522358,8625.30,8631.92
1526129526105,8625.31,8631.88
1526129529613,8625.31,8631.88
1526129533549,8625.31,8631.88
1526129537087,8625.31,8631.99
1526129540454,8625.31,8631.99
1526129540454,8625.31,8631.99
1526129548048,8622.05,8625.31
1526129552218,8625.32,8630.77
1526129556293,8625.32,8630.77
1526129559443,8625.32,8630.77
1526129562842,8626.11,8631.99
1526129567018,8631.65,8632.10
1526129570013,8631.65,8632.10
1526129574345,8630.12,8632.99
1526129577741,8638.74,8638.99
1526129581637,8638.74,8638.99
1526129585352,8638.74,8639.00
1526129588969,8638.76,8639.10
1526129592997,8638.74,8640.00
1526129596697,8638.74,8640.00
1526129600478,8638.74,8639.99
1526129604221,8638.74,8643.99
1526129607275,8638.74,8643.99
1526129611256,8644.99,8645.00
1526129614485,8641.04,8644.39
1526129618992,8639.71,8643.81
1526129622866,8638.73,8643.80
1526129625951,8638.73,8643.80
1526129629969,8633.10,8643.99
1526129632965,8635.93,8642.51
1526129637078,8635.93,8642.51
1526129641074,8638.96,8642.51
1526129645241,8639.16,8645.00
1526129648283,8639.16,8645.00
1526129652175,8639.16,8645.00
1526129656302,8641.11,8645.00
1526129659474,8641.11,8645.00
1526129663894,8641.11,8644.99
1526129667434,8641.12,8644.99
1526129670572,8641.12,8644.99
1526129674441,8642.14,8644.99
1526129677681,8641.11,8645.91
1526129681275,8641.11,8645.91
1526129685552,8645.00,8645.92
1526129688983,8646.56,8650.00
1526129692894,8646.56,8650.00
1526129696928,8645.02,8647.62
1526129699903,8645.04,8647.03
1526129703837,8645.04,8647.03
1526129708212,8645.04,8647.03
1526129711721,8629.10,8640.79
1526129713802,8629.10,8640.79
1526129719973,8629.11,8636.67
1526129723491,8631.72,8634.95
1526129726868,8631.72,8634.95
1526129731004,8631.72,8634.95
1526129734966,8618.83,8630.94
1526129737983,8618.83,8630.94
1526129741529,8622.28,8631.76
1526129745173,8620.70,8621.87
1526129748631,8620.70,8621.87
1526129753064,8620.70,8621.86
1526129756748,8620.70,8620.71
1526129760753,8619.34,8620.70
1526129764706,8619.34,8620.70
1526129767644,8623.47,8635.15
1526129771728,8624.20,8632.66
1526129774961,8624.20,8632.66
1526129779031,8620.21,8631.47
1526129782808,8620.53,8631.46
1526129786228,8620.53,8631.46
1526129789924,8623.29,8628.57
1526129793785,8623.40,8631.43
1526129796870,8623.40,8631.43
1526129800066,8623.41,8627.04
1526129804836,8623.51,8640.22
1526129806666,8623.51,8640.22
1526129811440,8625.03,8635.97
1526129816358,8626.07,8629.15
1526129819314,8626.07,8629.15
1526129823380,8623.60,8628.23
1526129826796,8624.84,8642.77
1526129830963,8624.84,8642.77
1526129834030,8624.84,8630.99
1526129837203,8624.84,8630.96
1526129841774,8626.42,8630.95
1526129845775,8626.42,8630.95
1526129848838,8626.35,8630.95
1526129852617,8639.70,8642.74
1526129856431,8639.70,8642.74
1526129860974,8639.71,8642.98
1526129864074,8639.70,8642.99
1526129867511,8639.70,8642.99
1526129871489,8639.70,8642.99
1526129875626,8632.55,8642.99
1526129879351,8640.96,8642.93
1526129882103,8640.96,8642.93
