time,bid,ask
1526127509963,8583.20000,8592.80000
1526127513971,8585.10000,8592.00000
1526127517663,8585.40000,8592.90000
1526127521420,8585.40000,8585.50000
1526127525253,8583.00000,8585.50000
1526127529598,8583.10000,8585.50000
1526127533334,8582.00000,8583.20000
1526127536606,8582.00000,8583.20000
1526127540614,8582.00000,8583.20000
1526127544363,8582.00000,8583.20000
1526127547367,8582.00000,8582.20000
1526127551441,8582.00000,8582.20000
1526127554658,8582.00000,8582.10000
1526127557904,8582.00000,8582.20000
1526127562529,8582.00000,8582.10000
1526127566617,8582.00000,8583.20000
1526127569800,8582.00000,8583.20000
1526127573116,8582.00000,8583.00000
1526127574978,8582.00000,8583.00000
1526127579925,8582.00000,8583.00000
1526127585018,8582.00000,8582.90000
1526127588081,8582.00000,8582.90000
1526127592227,8583.20000,8585.40000
1526127595440,8583.20000,8585.40000
1526127599632,8583.20000,8585.50000
1526127603123,8575.00000,8582.00000
1526127606681,8575.00000,8582.00000
1526127610647,8575.10000,8582.00000
1526127614044,8575.40000,8582.00000
1526127616907,8575.00000,8576.90000
1526127621836,8575.70000,8576.90000
1526127625378,8575.00000,8576.90000
1526127629165,8575.00000,8576.90000
1526127632749,8575.00000,8576.90000
1526127635717,8575.00000,8575.10000
1526127639797,8575.00000,8575.10000
1526127643432,8575.00000,8575.10000
1526127647584,8575.00000,8576.90000
1526127651701,8575.00000,8576.90000
1526127655024,8574.90000,8575.00000
1526127658186,8567.10000,8569.20000
1526127662494,8562.30000,8567.20000
1526127665604,8561.30000,8563.40000
1526127669972,8560.40000,8562.40000
1526127673024,8560.40000,8562.40000
1526127677268,8559.30000,8563.40000
1526127681420,8559.40000,8566.60000
1526127683417,8559.40000,8566.60000
1526127687985,8562.50000,8569.20000
1526127692331,8561.00000,8569.20000
1526127695481,8564.00000,8567.20000
1526127699796,8564.90000,8567.20000
1526127703048,8561.20000,8569.20000
1526127707323,8566.20000,8569.20000
1526127710593,8566.20000,8569.20000
1526127712618,8566.20000,8569.00000
1526127717872,8566.20000,8569.00000
1526127721808,8566.20000,8569.00000
1526127725830,8567.60000,8572.90000
1526127729504,8567.50000,8569.10000
1526127732631,8569.80000,8574.90000
1526127735868,8569.80000,8575.00000
1526127739603,8569.80000,8575.00000
1526127743997,8570.00000,8575.00000
1526127747745,8572.60000,8573.40000
1526127751019,8572.60000,8573.40000
1526127754867,8573.30000,8575.00000
1526127758931,8573.40000,8575.00000
1526127761750,8573.60000,8575.00000
1526127766247,8574.80000,8575.00000
1526127769136,8574.80000,8575.00000
1526127773043,8574.80000,8575.00000
1526127776872,8574.90000,8575.00000
1526127780967,8574.90000,8575.00000
1526127784117,8574.90000,8575.00000
1526127788183,8574.90000,8575.00000
1526127791942,8574.90000,8575.00000
1526127795206,8574.90000,8575.00000
1526127799501,8574.90000,8582.00000
1526127803562,8578.00000,8582.00000
1526127806525,8578.00000,8582.00000
1526127810587,8581.90000,8582.00000
1526127812527,8581.90000,8582.00000
1526127818732,8581.90000,8582.00000
1526127821770,8581.90000,8582.00000
1526127826086,8582.00000,8589.20000
1526127830159,8582.00000,8589.20000
1526127833065,8582.00000,8586.50000
1526127836817,8583.40000,8585.20000
1526127840660,8582.00000,8586.80000
1526127844533,8582.00000,8586.80000
1526127847736,8583.50000,8586.80000
1526127851551,8581.90000,8586.70000
1526127855273,8581.90000,8589.00000
1526127859673,8582.00000,8589.20000
1526127862930,8582.00000,8588.90000
1526127867026,8582.10000,8589.20000
1526127870347,8582.10000,8589.20000
1526127874318,8582.40000,8588.80000
1526127878217,8582.40000,8586.00000
1526127882104,8582.30000,8586.00000
1526127882104,8582.30000,8586.00000
1526127889295,8585.00000,8588.80000
1526127892374,8585.00000,8587.10000
1526127897019,8585.00000,8588.20000
1526127899887,8585.00000,8588.20000
1526127902995,8585.00000,8588.10000
1526127908089,8585.00000,8588.10000
1526127909947,8585.00000,8588.10000
1526127914817,8585.00000,8588.20000
1526127918948,8585.00000,8588.00000
1526127922929,8587.80000,8588.00000
1526127925116,8585.00000,8588.20000
1526127929178,8582.00000,8588.20000
1526127933751,8582.00000,8588.00000
1526127937422,8582.10000,8588.20000
1526127939974,8584.40000,8588.10000
1526127944773,8582.10000,8588.10000
1526127948237,8582.10000,8588.20000
1526127951964,8583.10000,8588.10000
1526127955722,8587.90000,8588.00000
1526127959362,8587.90000,8588.00000
1526127962799,8587.90000,8588.00000
1526127967347,8588.70000,8588.90000
1526127970354,8588.70000,8588.90000
1526127974623,8588.70000,8588.90000
1526127978459,8588.70000,8588.90000
1526127981835,8588.70000,8588.90000
1526127986150,8585.00000,8588.90000
1526127989103,8588.40000,8588.90000
1526127993586,8585.00000,8588.90000
1526127997859,8586.50000,8588.90000
1526128002441,8586.50000,8587.40000
1526128005374,8586.50000,8587.40000
1526128009427,8586.50000,8588.90000
1526128013325,8585.10000,8587.30000
1526128016677,8586.50000,8587.30000
1526128020253,8585.00000,8587.30000
1526128024379,8585.00000,8587.30000
1526128027457,8585.10000,8587.30000
1526128031694,8588.90000,8589.20000
1526128034966,8587.20000,8589.20000
1526128038887,8587.20000,8593.40000
1526128042338,8593.20000,8593.30000
1526128046347,8593.20000,8593.30000
1526128050357,8593.20000,8593.30000
1526128053726,8593.20000,8593.30000
1526128057583,8587.70000,8593.30000
1526128061431,8588.40000,8593.30000
1526128065157,8587.70000,8593.30000
1526128069305,8585.00000,8587.70000
1526128072451,8585.10000,8593.20000
1526128076228,8585.10000,8593.30000
1526128079533,8585.20000,8593.20000
1526128083741,8585.20000,8593.30000
1526128087525,8585.70000,8593.20000
1526128090973,8585.80000,8593.20000
1526128095102,8593.20000,8593.30000
1526128098841,8593.20000,8593.30000
1526128102129,8585.10000,8589.60000
1526128105878,8586.00000,8586.10000
1526128109244,8585.00000,8586.10000
1526128109244,8585.00000,8586.10000
1526128117051,8585.00000,8586.00000
1526128120346,8585.00000,8586.00000
1526128124461,8578.70000,8585.90000
1526128127218,8579.00000,8585.90000
1526128131225,8579.30000,8586.00000
1526128135892,8579.00000,8586.00000
1526128138736,8579.70000,8585.90000
1526128143091,8579.70000,8585.80000
1526128146900,8579.70000,8585.80000
1526128150120,8579.70000,8585.80000
1526128153720,8579.50000,8585.90000
1526128157968,8579.50000,8585.90000
1526128160929,8579.50000,8585.80000
1526128165411,8580.00000,8585.80000
1526128165411,8580.00000,8585.80000
1526128172645,8582.60000,8585.00000
1526128176524,8582.70000,8584.90000
1526128179646,8582.70000,8584.90000
1526128183621,8584.30000,8584.80000
1526128187058,8584.30000,8584.80000
1526128191480,8584.30000,8584.70000
1526128194559,8584.30000,8584.70000
1526128198290,8584.50000,8584.70000
1526128201863,8579.40000,8582.60000
1526128205985,8575.70000,8582.60000
1526128208946,8575.70000,8582.60000
1526128212992,8577.20000,8582.60000
1526128216334,8577.40000,8582.50000
1526128220753,8577.50000,8582.50000
1526128223908,8575.60000,8577.60000
1526128228415,8575.60000,8577.50000
1526128231515,8575.00000,8577.50000
1526128235734,8575.00000,8576.60000
1526128238604,8575.00000,8576.60000
1526128243264,8575.00000,8575.10000
1526128246470,8575.00000,8575.10000
1526128250674,8575.00000,8575.10000
1526128254008,8575.00000,8575.10000
1526128257423,8575.00000,8575.10000
1526128261399,8575.00000,8577.60000
1526128265636,8575.00000,8577.00000
1526128269113,8575.00000,8577.00000
1526128271510,8575.50000,8577.00000
1526128276618,8575.00000,8576.90000
1526128280574,8575.10000,8576.90000
1526128283758,8575.00000,8576.70000
1526128288754,8575.00000,8576.20000
1526128293650,8575.00000,8582.00000
1526128297755,8575.00000,8575.10000
1526128301470,8575.00000,8575.10000
1526128304440,8575.00000,8575.10000
1526128308329,8575.00000,8575.10000
1526128312559,8575.00000,8575.10000
1526128315419,8575.00000,8575.10000
1526128319254,8575.00000,8575.10000
1526128323501,8575.00000,8575.10000
1526128324539,8575.00000,8575.10000
1526128330693,8575.00000,8576.00000
1526128333788,8575.00000,8575.90000
1526128337918,8562.90000,8575.90000
1526128341719,8570.90000,8575.90000
1526128344909,8570.90000,8575.90000
1526128349019,8569.60000,8572.80000
1526128351962,8566.70000,8575.90000
1526128356978,8563.80000,8575.90000
1526128360113,8563.80000,8571.00000
1526128364474,8562.20000,8565.00000
1526128366331,8564.90000,8575.90000
1526128371734,8564.90000,8575.90000
1526128375543,8566.30000,8571.90000
1526128378792,8575.90000,8576.80000
1526128382148,8575.90000,8577.10000
1526128386357,8571.80000,8572.30000
1526128388551,8570.60000,8572.30000
1526128394013,8570.60000,8572.30000
1526128397462,8570.60000,8571.90000
1526128401517,8570.70000,8571.90000
1526128404641,8570.90000,8571.90000
1526128408405,8570.90000,8572.30000
1526128412337,8570.90000,8572.30000
1526128415370,8571.00000,8572.30000
1526128419460,8571.00000,8572.30000
1526128423333,8571.10000,8571.60000
1526128427347,8571.00000,8571.60000
1526128430659,8571.00000,8571.60000
1526128434411,8571.00000,8571.60000
1526128437016,8571.50000,8571.60000
1526128441373,8571.50000,8571.60000
1526128445694,8571.50000,8571.60000
1526128449158,8571.50000,8571.60000
1526128452557,8571.50000,8571.60000
1526128456964,8571.50000,8571.60000
1526128460602,8571.50000,8571.60000
1526128463650,8571.50000,8571.60000
1526128467512,8571.50000,8571.60000
1526128471600,8571.50000,8571.60000
1526128474862,8571.50000,8571.60000
1526128478234,8571.50000,8571.60000
1526128481876,8571.50000,8571.60000
1526128485431,8571.50000,8571.60000
1526128490362,8571.50000,8571.60000
1526128493295,8571.50000,8571.60000
1526128497150,8571.50000,8579.80000
1526128500618,8571.50000,8579.70000
1526128504537,8571.80000,8579.80000
1526128507834,8571.80000,8579.80000
1526128511223,8571.80000,8577.70000
1526128515527,8571.90000,8577.60000
1526128518778,8571.90000,8579.80000
1526128523151,8572.20000,8577.70000
1526128526566,8574.40000,8577.70000
1526128530503,8572.30000,8577.60000
1526128534775,8572.30000,8579.40000
1526128538028,8572.30000,8578.20000
1526128541812,8572.30000,8579.30000
1526128544737,8572.30000,8577.30000
1526128548676,8572.40000,8580.50000
1526128553115,8572.40000,8582.20000
1526128555071,8572.40000,8580.40000
1526128559595,8571.60000,8572.40000
1526128563726,8571.60000,8581.00000
1526128567512,8571.60000,8581.00000
1526128569667,8571.60000,8580.80000
1526128574896,8571.60000,8577.60000
1526128578953,8575.40000,8577.50000
1526128581083,8571.50000,8571.60000
1526128585810,8571.60000,8577.80000
1526128589646,8571.70000,8577.50000
1526128592770,8572.90000,8577.50000
1526128597346,8572.90000,8576.00000
1526128600532,8574.60000,8580.70000
1526128604467,8575.90000,8579.00000
1526128608256,8575.90000,8578.90000
1526128612154,8572.90000,8582.20000
1526128615538,8572.90000,8576.10000
1526128619499,8572.90000,8576.10000
1526128622241,8572.90000,8576.00000
1526128625911,8572.90000,8573.10000
1526128630073,8572.90000,8573.10000
1526128633609,8572.90000,8573.00000
1526128637580,8572.90000,8573.00000
1526128641899,8572.90000,8573.00000
1526128645774,8572.90000,8573.00000
1526128649007,8572.90000,8573.00000
1526128653385,8572.90000,8573.00000
1526128655568,8572.90000,8573.00000
1526128660595,8572.90000,8573.00000
1526128664167,8572.90000,8573.00000
1526128667161,8572.90000,8573.00000
1526128671792,8572.90000,8573.00000
1526128674497,8572.90000,8573.00000
1526128678631,8572.90000,8573.00000
1526128682635,8572.90000,8573.00000
1526128685857,8572.90000,8573.00000
1526128689466,8572.90000,8573.00000
1526128693721,8572.90000,8573.00000
1526128696713,8572.90000,8573.00000
1526128698991,8572.90000,8573.00000
1526128704995,8572.90000,8573.00000
1526128707969,8572.90000,8573.00000
1526128711375,8572.90000,8573.00000
1526128711375,8572.90000,8573.00000
1526128719763,8572.90000,8573.00000
1526128722637,8572.90000,8573.00000
1526128726592,8572.90000,8573.00000
1526128730438,8572.90000,8573.00000
1526128734842,8572.90000,8573.00000
1526128738355,8572.90000,8573.00000
1526128741968,8572.90000,8573.00000
1526128745198,8572.90000,8573.00000
1526128748813,8572.90000,8573.00000
1526128751837,8572.90000,8573.00000
1526128756958,8572.90000,8573.00000
1526128759790,8572.90000,8573.00000
1526128763775,8572.90000,8573.00000
1526128767233,8572.90000,8573.00000
1526128771295,8572.90000,8573.00000
1526128772522,8572.90000,8573.00000
1526128779285,8572.90000,8573.00000
1526128782349,8572.90000,8573.00000
1526128786004,8572.90000,8573.00000
1526128789873,8572.90000,8573.00000
1526128793825,8572.90000,8573.00000
1526128796913,8572.90000,8573.00000
1526128800684,8572.90000,8573.00000
1526128804511,8572.90000,8573.00000
1526128805736,8572.90000,8573.00000
1526128811662,8572.90000,8573.00000
1526128816283,8572.90000,8573.00000
1526128819522,8572.90000,8573.00000
1526128823085,8563.60000,8573.00000
1526128826172,8563.70000,8570.00000
1526128830621,8566.40000,8569.90000
1526128834523,8566.40000,8573.00000
1526128836651,8566.40000,8573.00000
1526128841367,8566.40000,8573.00000
1526128844615,8566.60000,8572.70000
1526128849459,8566.70000,8571.90000
1526128852392,8566.70000,8572.00000
1526128856342,8566.50000,8572.00000
1526128860307,8566.50000,8571.90000
1526128863825,8567.00000,8571.90000
1526128867867,8567.00000,8572.00000
1526128871608,8567.00000,8572.00000
1526128874886,8567.00000,8571.90000
1526128878637,8567.00000,8571.90000
1526128882536,8569.80000,8571.90000
1526128886117,8569.80000,8573.00000
1526128887521,8569.80000,8575.00000
1526128892876,8569.80000,8574.90000
1526128896698,8569.80000,8574.80000
1526128900549,8569.80000,8574.50000
1526128904560,8570.00000,8572.60000
1526128908470,8569.90000,8574.20000
1526128911723,8569.90000,8574.40000
1526128914215,8569.90000,8572.30000
1526128919362,8569.90000,8574.30000
1526128923435,8569.90000,8574.20000
1526128926132,8569.90000,8574.20000
1526128930160,8569.90000,8574.10000
1526128934090,8569.90000,8574.00000
1526128937862,8570.00000,8574.00000
1526128941631,8570.00000,8574.40000
1526128945157,8569.90000,8574.40000
1526128949749,8569.90000,8574.40000
1526128952609,8574.30000,8574.40000
1526128956556,8574.30000,8574.40000
1526128960433,8574.30000,8574.40000
1526128964449,8574.30000,8574.40000
1526128968188,8574.30000,8574.40000
1526128971042,8574.30000,8574.40000
1526128973997,8574.30000,8574.40000
1526128976800,8574.30000,8574.40000
1526128982846,8574.30000,8574.40000
1526128984181,8574.30000,8574.40000
1526128989842,8574.30000,8574.40000
1526128993805,8574.30000,8574.40000
1526128997163,8574.30000,8574.40000
1526129000947,8574.30000,8574.40000
1526129004800,8574.30000,8574.40000
1526129008752,8574.30000,8574.40000
1526129011786,8574.30000,8574.40000
1526129014941,8574.30000,8574.40000
1526129018162,8574.30000,8574.40000
1526129022968,8574.30000,8574.40000
1526129026665,8574.30000,8574.40000
1526129030570,8574.30000,8574.40000
1526129034156,8574.30000,8574.40000
1526129038161,8574.30000,8574.40000
1526129041246,8574.30000,8574.40000
1526129045485,8574.30000,8574.40000
1526129049242,8574.30000,8574.40000
1526129052311,8574.30000,8574.40000
1526129056299,8574.30000,8574.40000
1526129060284,8574.30000,8574.40000
1526129063893,8574.30000,8574.40000
1526129066797,8574.30000,8574.40000
1526129070941,8574.30000,8574.40000
1526129074624,8574.30000,8574.40000
1526129078349,8574.30000,8574.40000
1526129082523,8574.30000,8574.40000
1526129085861,8574.30000,8574.40000
1526129089181,8574.30000,8574.40000
1526129092966,8574.30000,8574.40000
1526129097307,8574.30000,8574.40000
1526129100522,8574.30000,8574.40000
1526129103746,8574.30000,8574.40000
1526129107605,8574.30000,8574.40000
1526129112027,8574.30000,8574.40000
1526129115285,8574.30000,8574.40000
1526129119414,8574.30000,8574.40000
1526129122750,8574.30000,8574.40000
1526129126933,8574.30000,8574.40000
1526129130023,8574.30000,8574.40000
1526129132918,8574.30000,8574.40000
1526129137773,8574.30000,8574.40000
1526129141093,8574.30000,8574.40000
1526129144840,8574.30000,8574.40000
1526129149302,8574.30000,8574.40000
1526129152224,8574.30000,8574.40000
1526129155456,8574.30000,8574.40000
1526129160546,8574.30000,8574.40000
1526129163702,8574.30000,8574.40000
1526129168033,8574.30000,8574.40000
1526129171511,8574.30000,8574.40000
1526129174937,8574.30000,8574.40000
1526129179109,8574.30000,8574.40000
1526129182976,8574.30000,8574.40000
1526129184171,8574.30000,8574.40000
1526129186457,8574.30000,8574.40000
1526129192581,8575.00000,8582.70000
1526129195423,8575.10000,8582.70000
1526129200648,8575.20000,8582.70000
1526129203468,8575.20000,8582.70000
1526129206275,8575.20000,8582.70000
1526129209479,8575.10000,8582.70000
1526129214883,8582.60000,8586.20000
1526129219817,8582.60000,8586.20000
1526129223742,8582.80000,8589.50000
1526129227736,8582.90000,8589.10000
1526129231841,8583.10000,8589.10000
1526129235561,8583.40000,8589.10000
1526129239019,8583.40000,8589.10000
1526129242246,8583.40000,8589.10000
1526129245972,8589.00000,8589.10000
1526129250842,8589.00000,8589.60000
1526129254713,8589.10000,8589.60000
1526129257771,8589.10000,8589.60000
1526129261662,8589.00000,8589.60000
1526129265408,8589.10000,8589.50000
1526129269703,8589.10000,8589.60000
1526129272730,8589.10000,8589.60000
1526129277026,8589.10000,8589.50000
1526129281097,8589.10000,8589.50000
1526129284306,8589.20000,8589.60000
1526129288327,8589.10000,8589.60000
1526129292122,8589.10000,8589.60000
1526129294535,8589.50000,8589.60000
1526129298906,8589.50000,8589.60000
1526129303006,8589.10000,8589.50000
1526129306225,8589.10000,8589.50000
1526129310167,8589.20000,8589.40000
1526129313840,8589.20000,8589.30000
1526129316879,8592.00000,8600.50000
1526129321298,8603.90000,8605.80000
1526129324211,8603.90000,8605.80000
1526129329050,8602.00000,8604.00000
1526129331908,8602.00000,8604.00000
1526129336701,8603.90000,8604.00000
1526129339400,8603.90000,8604.00000
1526129343960,8604.10000,8605.80000
1526129347095,8605.00000,8605.80000
1526129351241,8605.10000,8605.80000
1526129354610,8610.10000,8612.00000
1526129356738,8610.10000,8612.00000
1526129361645,8612.10000,8614.90000
1526129365618,8614.90000,8618.40000
1526129369062,8614.90000,8618.40000
1526129373185,8621.40000,8627.10000
1526129376463,8621.50000,8622.30000
1526129380963,8621.60000,8622.30000
1526129384038,8621.60000,8622.30000
1526129388036,8621.70000,8622.20000
1526129391377,8621.60000,8624.10000
1526129395337,8621.60000,8622.20000
1526129398390,8613.00000,8620.00000
1526129401686,8619.90000,8621.00000
1526129406350,8619.90000,8628.00000
1526129409339,8619.90000,8628.00000
1526129413789,8620.00000,8624.20000
1526129417734,8619.90000,8620.00000
1526129420722,8619.90000,8620.00000
1526129424622,8619.90000,8620.00000
1526129427617,8619.90000,8620.00000
1526129432124,8615.80000,8620.00000
1526129435679,8616.10000,8620.00000
1526129438953,8616.00000,8620.00000
1526129443446,8616.30000,8620.00000
1526129446707,8613.70000,8619.90000
1526129449990,8613.70000,8619.90000
1526129453949,8613.80000,8619.90000
1526129458190,8623.00000,8623.70000
1526129461002,8612.50000,8618.00000
1526129465991,8618.10000,8624.00000
1526129469742,8620.40000,8622.90000
1526129474371,8618.60000,8620.60000
1526129477467,8618.60000,8623.00000
1526129481241,8620.00000,8622.80000
1526129485115,8620.10000,8622.90000
1526129489298,8620.10000,8622.90000
1526129492147,8620.10000,8622.90000
1526129496075,8620.10000,8622.90000
1526129499880,8620.30000,8627.80000
1526129503672,8620.40000,8629.60000
1526129507746,8620.50000,8629.60000
1526129511602,8620.60000,8630.00000
1526129514795,8622.80000,8625.90000
1526129518605,8623.90000,8628.00000
1526129522358,8623.90000,8628.00000
1526129526105,8625.30000,8627.90000
1526129529613,8624.70000,8629.20000
1526129533549,8624.80000,8629.60000
1526129537087,8628.40000,8629.50000
1526129540454,8627.00000,8629.00000
1526129540454,8627.00000,8629.00000
1526129548048,8627.00000,8628.90000
1526129552218,8627.10000,8630.00000
1526129556293,8627.10000,8630.00000
1526129559443,8627.10000,8628.60000
1526129562842,8627.10000,8630.00000
1526129567018,8629.00000,8630.00000
1526129570013,8629.10000,8630.00000
1526129574345,8627.50000,8630.00000
1526129577741,8629.20000,8630.00000
1526129581637,8629.30000,8630.00000
1526129585352,8629.90000,8630.00000
1526129588969,8629.90000,8630.00000
1526129592997,8629.90000,8630.00000
1526129596697,8634.30000,8635.00000
1526129600478,8634.40000,8635.00000
1526129604221,8634.40000,8635.00000
1526129607275,8634.40000,8641.90000
1526129611256,8634.50000,8641.80000
1526129614485,8635.00000,8639.60000
1526129618992,8634.60000,8635.00000
1526129622866,8634.60000,8635.00000
1526129625951,8630.00000,8635.00000
1526129629969,8634.00000,8639.60000
1526129632965,8634.90000,8639.60000
1526129637078,8634.90000,8644.20000
1526129641074,8634.90000,8644.10000
1526129645241,8636.10000,8649.00000
1526129648283,8642.40000,8644.80000
1526129652175,8642.90000,8644.00000
1526129656302,8640.40000,8640.50000
1526129659474,8640.40000,8640.50000
1526129663894,8640.60000,8648.00000
1526129667434,8641.00000,8648.10000
1526129670572,8641.10000,8648.10000
1526129674441,8644.20000,8648.10000
1526129677681,8642.00000,8642.80000
1526129681275,8641.30000,8642.80000
1526129685552,8642.00000,8642.80000
1526129688983,8642.10000,8642.80000
1526129692894,8642.10000,8642.80000
1526129696928,8642.10000,8648.10000
1526129699903,8642.10000,8642.20000
1526129703837,8635.20000,8642.20000
1526129708212,8635.00000,8642.20000
1526129711721,8635.00000,8635.10000
1526129713802,8635.00000,8635.10000
1526129719973,8635.00000,8635.40000
1526129723491,8635.00000,8635.40000
1526129726868,8630.40000,8635.00000
1526129731004,8630.00000,8630.10000
1526129734966,8630.00000,8630.10000
1526129737983,8630.00000,8630.10000
1526129741529,8617.70000,8630.00000
1526129745173,8617.70000,8629.90000
1526129748631,8620.00000,8624.80000
1526129753064,8624.50000,8624.80000
1526129756748,8620.00000,8627.40000
1526129760753,8622.50000,8624.70000
1526129764706,8627.80000,8631.80000
1526129767644,8629.90000,8631.80000
1526129771728,8630.00000,8631.80000
1526129774961,8630.00000,8634.80000
1526129779031,8630.00000,8634.80000
1526129782808,8630.00000,8634.70000
1526129786228,8630.00000,8634.70000
1526129789924,8630.00000,8634.80000
1526129793785,8630.10000,8634.80000
1526129796870,8631.20000,8634.80000
1526129800066,8631.50000,8634.80000
1526129804836,8632.50000,8634.80000
1526129806666,8632.50000,8634.80000
1526129811440,8632.70000,8634.70000
1526129816358,8630.00000,8634.50000
1526129819314,8621.20000,8634.50000
1526129823380,8627.00000,8634.30000
1526129826796,8621.50000,8634.20000
1526129830963,8623.00000,8631.80000
1526129834030,8623.00000,8631.20000
1526129837203,8627.30000,8631.20000
1526129841774,8623.00000,8631.10000
1526129845775,8623.00000,8631.10000
1526129848838,8625.00000,8631.20000
1526129852617,8635.90000,8637.60000
1526129856431,8635.90000,8637.60000
1526129860974,8636.00000,8637.60000
1526129864074,8636.00000,8637.60000
1526129867511,8636.00000,8637.50000
1526129871489,8636.10000,8637.50000
1526129875626,8627.30000,8636.20000
1526129879351,8636.10000,8636.20000
1526129882103,8636.10000,8636.20000
