time,bid,ask
1525783064648,9091.9,9092
1525783137933,9096.9,9097
1525783141642,9096.9,9097
1525783145273,9096.9,9097
1525783148407,9096.9,9097
1525783153530,9096.9,9097
1525783157070,9096.9,9097
1525783161570,9096.9,9097
1525783164144,9096.9,9097
1525783171443,9096.9,9097
1525783177341,9098.8,9098.9
1525783181423,9100.8,9100.9
1525783184014,9100.8,9100.9
1525783188862,9108,9108.1
1525783193907,9109.6,9110.7
1525783262182,9115.6,9115.7
1525783267870,9115.6,9115.7
1525783269458,9115.6,9115.7
1525783276270,9115.6,9115.7
1525783279846,9115.6,9115.7
1525783285146,9115.6,9115.7
1525783288122,9115.6,9115.7
1525783288122,9115.6,9115.7
1525783295921,9115.6,9115.7
1525783300385,9115.6,9115.7
1525783304330,9115.6,9115.7
1525783307079,9115.6,9115.7
1525783307079,9115.6,9115.7
1525783314230,9115.6,9115.7
1525783318372,9115.6,9115.7
1525783386383,9111.8,9113.9
1525783391022,9111.8,9111.9
1525783393953,9111.8,9111.9
1525783397665,9111.8,9111.9
1525783402792,9111.8,9111.9
1525783406262,9111.8,9111.9
1525783410626,9111.8,9111.9
1525783413803,9111.8,9111.9
1525783417671,9111.8,9111.9
1525783421599,9112.3,9112.4
1525783424378,9112.3,9112.4
1525783428675,9112.3,9112.4
1525783432089,9112.3,9112.4
1525783501179,9112,9112.1
1525783505287,9112,9112.5
1525783509725,9113,9113.1
1525783513419,9112.1,9113.1
1525783515506,9112.1,9113
1525783519811,9112.1,9113.1
1525783523276,9112.1,9113.1
1525783528005,9112.1,9112.9
1525783528005,9112.1,9112.9
1525783534960,9112.2,9112.7
1525783538838,9112,9112.4
1525783542742,9112,9112.1
1525783545158,9111.9,9112
1525783549461,9111.9,9112
1525783617265,9113,9113.1
1525783620422,9113,9113.1
1525783625194,9113.1,9113.2
1525783627838,9113.1,9113.2
1525783632279,9114.9,9115
1525783636808,9117.1,9117.2
1525783640680,9117.1,9117.2
1525783644154,9118.7,9118.8
1525783647451,9118.7,9118.8
1525783652511,9118.7,9118.8
1525783655042,9118.7,9118.8
1525783659699,9118.7,9118.8
1525783663167,9118.7,9118.8
1525783731429,9125.5,9125.6
1525783735430,9125.5,9125.6
1525783738231,9125.5,9125.6
1525783743961,9130.4,9131.1
1525783746708,9134.7,9134.8
1525783750830,9134.7,9134.8
1525783754185,9134.7,9135.4
1525783758541,9135.2,9135.3
1525783761616,9135.2,9135.3
1525783765491,9135.2,9135.3
1525783769048,9135.4,9135.5
1525783773485,9137.4,9137.5
1525783777351,9137.7,9138.6
1525783847888,9144.9,9145
1525783851464,9144.9,9145
1525783855718,9144.9,9145
1525783859778,9144.9,9145
1525783861064,9144.9,9145
1525783866360,9144.9,9145
1525783870650,9146.3,9146.7
1525783873389,9146.3,9146.7
1525783878045,9146.5,9146.6
1525783882728,9147,9148.4
1525783886956,9147.4,9147.6
1525783890009,9147.5,9147.6
1525783893814,9147.5,9147.6
1525783896603,9147.5,9147.6
1525783899370,9147.5,9147.6
1525783903281,9147.5,9147.6
1525783972318,9128.8,9128.9
1525783976446,9128.8,9128.9
1525783979336,9128.8,9128.9
1525783982364,9128.8,9128.9
1525783986498,9128.8,9128.9
1525783990755,9128.8,9128.9
1525783995565,9128.8,9128.9
1525783998937,9128.8,9128.9
1525784003401,9128.8,9128.9
1525784006192,9128.8,9128.9
1525784010160,9128.8,9128.9
1525784012962,9128.8,9128.9
1525784017959,9128.8,9128.9
1525784021467,9128.8,9128.9
1525784025864,9128.8,9128.9
1525784093406,9128.8,9128.9
1525784098810,9128.8,9128.9
1525784100379,9128.8,9128.9
1525784105315,9130,9130.1
1525784109109,9131.6,9131.7
1525784113296,9138.2,9138.3
1525784117472,9138.6,9138.7
1525784120843,9138.6,9138.7
1525784124456,9138.6,9138.7
1525784128114,9138.6,9144
1525784131448,9142.3,9142.4
1525784134750,9142.4,9142.5
1525784138429,9142.4,9142.5
1525784142157,9142.4,9142.5
1525784142157,9142.4,9142.5
1525784149841,9142.4,9142.5
1525784218934,9146.7,9146.8
1525784222490,9146.7,9146.8
1525784225500,9146.7,9146.8
1525784229243,9146.7,9146.8
1525784232002,9146.7,9146.8
1525784236830,9146,9146.1
1525784239722,9146,9146.1
1525784243702,9142.5,9142.6
1525784246446,9142.5,9142.6
1525784250435,9142.5,9142.6
1525784254963,9142.5,9142.6
1525784257862,9142.5,9142.6
1525784261645,9142.5,9142.6
1525784331354,9135,9135.5
1525784335115,9135,9135.1
1525784337702,9135,9135.1
1525784342663,9135,9135.1
1525784345670,9135,9135.1
1525784348821,9135,9135.1
1525784352906,9135,9135.1
1525784356681,9135,9135.1
1525784359519,9132.5,9132.6
1525784365498,9131.8,9131.9
1525784367973,9131.8,9131.9
1525784372338,9131.8,9131.9
1525784375869,9131.8,9132
1525784378943,9132,9132.6
1525784383748,9131.8,9132.1
1525784450247,9126.9,9127.6
1525784455438,9127.6,9127.9
1525784458542,9127.6,9127.7
1525784463467,9125.6,9126.3
1525784467087,9125.7,9126.3
1525784469819,9124.1,9124.2
1525784474253,9124.1,9124.2
1525784477375,9124,9124.1
1525784481236,9124,9124.1
1525784485123,9122.3,9124
1525784488243,9122.3,9122.4
1525784492321,9122.3,9122.4
1525784496810,9122.3,9122.4
1525784500017,9122.3,9122.4
1525784504001,9122.3,9122.4
1525784507722,9122.3,9122.4
1525784575878,9133.1,9133.2
1525784579293,9133.1,9133.2
1525784584799,9133.1,9133.2
1525784599326,9134,9134.1
1525784602149,9134,9134.1
1525784606838,9134,9134.1
1525784610350,9134,9134.1
1525784613680,9134,9134.1
1525784618784,9134,9134.1
1525784621606,9134,9134.1
1525784625423,9134,9134.1
1525784628631,9134,9134.1
1525784697746,9134.9,9135
1525784700952,9134.9,9135
1525784705547,9134.9,9135
1525784710233,9134.9,9135
1525784713992,9139.7,9139.8
1525784717414,9143.2,9143.7
1525784722666,9143.7,9144.1
1525784726372,9144,9144.1
1525784729487,9144,9144.1
1525784733708,9144,9144.1
1525784736304,9147.8,9147.9
1525784740725,9147.8,9147.9
1525784744189,9147.8,9147.9
1525784813049,9158.5,9158.6
1525784816667,9159.4,9159.5
1525784821111,9159.4,9159.5
1525784823470,9159.4,9159.5
1525784825338,9159.6,9159.7
1525784825338,9159.6,9159.7
1525784825338,9159.6,9159.7
1525784825338,9159.6,9159.7
1525784872400,9159.8,9159.9
1525784875538,9159.8,9159.9
1525784880132,9159.8,9159.9
1525784883266,9159.8,9159.9
1525784885900,9159.8,9159.9
1525784892223,9159.8,9159.9
1525784895862,9159.8,9159.9
1525784899647,9159.8,9159.9
1525784903652,9159.9,9160
1525784907110,9159.9,9160
1525784910354,9159.9,9160
1525784915195,9159.9,9160
1525784917570,9159.9,9160
1525784985683,9159.9,9160
1525784989309,9159.9,9160
1525784993481,9159.9,9160
1525784997609,9159.9,9160
1525785002024,9159.9,9160
1525785005274,9159.9,9160
1525785008611,9159.9,9160
1525785013975,9159.9,9160
1525785016854,9159.8,9159.9
1525785020434,9159.8,9159.9
1525785024127,9158.9,9159.6
1525785026601,9158.9,9159.6
1525785032803,9158.9,9159.5
1525785035715,9158.9,9159
1525785040093,9157.3,9157.5
1525785044265,9158.5,9158.6
1525785045829,9157.3,9157.9
1525785053803,9157.3,9157.4
1525785120712,9158.9,9159
1525785125447,9158.9,9159
1525785129503,9158.9,9159.5
1525785132144,9159.8,9159.9
1525785135846,9159.8,9159.9
1525785139855,9159.9,9160
1525785143984,9159.9,9160
1525785147511,9159.9,9160
1525785149952,9159.9,9160
1525785155443,9159.9,9160
1525785159250,9159.9,9160
1525785240853,9174.4,9174.5
1525785246374,9174.4,9174.5
1525785246374,9174.4,9174.5
1525785254714,9173.2,9174.4
1525785259031,9171.8,9172
1525785263013,9171.8,9171.9
1525785267402,9171.8,9171.9
1525785271148,9171.3,9171.4
1525785274810,9171.3,9171.4
1525785277599,9162.6,9162.9
1525785281837,9162.6,9162.7
1525785285086,9162.6,9162.7
1525785356290,9161.9,9162
1525785358951,9158.6,9162
1525785361912,9160,9162
1525785367609,9160,9160.3
1525785369916,9160.1,9160.2
1525785373735,9160.1,9160.2
1525785379996,9160.1,9160.2
1525785383766,9160.1,9160.2
1525785386463,9160.1,9160.2
1525785391104,9157.3,9157.4
1525785394564,9157.3,9157.4
1525785397912,9157.3,9157.4
1525785401603,9157.5,9157.6
1525785405629,9157.5,9157.6
1525785472927,9147.6,9147.7
1525785475793,9147.6,9147.7
1525785480148,9147.6,9147.7
1525785481384,9147.6,9147.7
1525785488738,9147.6,9147.7
1525785492442,9147.6,9147.7
1525785496439,9149.9,9150
1525785501039,9149.9,9150
1525785504943,9149.9,9150
1525785508828,9149.9,9150
1525785512506,9149.9,9150
1525785515857,9152.9,9153
1525785585229,9156.6,9156.7
1525785590752,9156.6,9156.7
1525785594338,9156.6,9156.7
1525785598365,9156.6,9156.7
1525785602262,9156.6,9156.7
1525785605501,9156.6,9156.7
1525785608952,9156.6,9156.7
1525785612516,9156.6,9156.7
1525785616178,9156.6,9156.7
1525785620229,9156.6,9156.7
1525785622602,9156.6,9156.7
1525785628354,9156.6,9156.7
1525785635578,9153.4,9153.5
1525785703854,9143,9143.1
1525785707161,9143.2,9143.3
1525785711446,9144.4,9148
1525785714618,9145.2,9145.5
1525785718757,9146.5,9146.6
1525785722313,9144.8,9146.6
1525785723774,9144.8,9146.6
1525785729804,9146,9146.1
1525785733872,9144.6,9144.8
1525785740066,9144.6,9144.7
1525785744710,9144.6,9144.7
1525785747390,9144.6,9144.7
1525785751722,9144.6,9144.7
1525785822326,9144.6,9144.7
1525785825737,9144.6,9144.7
1525785829611,9144.6,9144.7
1525785831865,9145.1,9146.3
1525785837434,9145.2,9145.3
1525785841218,9145.2,9145.3
1525785843499,9145.1,9145.2
1525785847984,9145.1,9145.2
1525785851170,9145.1,9145.2
1525785855476,9145.1,9145.2
1525785858548,9145.1,9145.2
1525785863356,9145.1,9145.2
1525785867825,9145.1,9145.2
1525785870557,9145.1,9145.2
1525785874715,9145.1,9145.2
1525785941748,9145.1,9145.2
1525785945213,9144,9144.1
1525785948954,9144,9144.1
1525785953048,9144,9144.1
1525785956165,9144,9144.1
1525785959141,9144,9144.1
1525785961966,9144,9144.1
1525785967467,9131.8,9134
1525785971435,9134,9135.7
1525785975447,9130,9130.1
1525785978890,9130,9130.1
1525785982043,9128,9128.1
1525785986490,9127.9,9128
1525785989153,9127.9,9128
1525785994301,9127.9,9128
1525786060950,9122.1,9122.2
1525786064541,9122.1,9122.2
1525786068319,9122.1,9122.2
1525786072249,9122.4,9122.5
1525786075185,9122.4,9122.5
1525786077904,9122.4,9122.5
1525786081521,9122.4,9122.5
1525786086462,9122.4,9122.5
1525786090558,9122.4,9122.5
1525786093896,9122.4,9122.5
1525786097462,9122.4,9122.5
1525786100597,9122.4,9122.5
1525786105462,9122.4,9122.5
1525786109445,9122.4,9122.5
1525786112667,9122.4,9122.5
1525786115488,9122.4,9122.5
1525786183368,9124.4,9124.5
1525786187833,9124.4,9124.5
1525786191913,9124.4,9124.5
1525786195794,9124.4,9124.5
1525786199682,9124.4,9124.5
1525786202476,9124.4,9124.5
1525786205854,9124.4,9124.5
1525786210233,9124.4,9125.4
1525786214134,9125.3,9125.4
1525786218174,9124.6,9124.7
1525786222103,9124.6,9124.7
1525786225846,9124.6,9124.7
1525786229319,9124.6,9124.7
1525786299166,9116,9116.1
1525786302276,9116,9116.1
1525786304655,9116,9116.1
1525786310207,9116,9116.1
1525786314264,9116,9116.1
1525786317707,9116,9116.1
1525786320675,9116,9116.1
1525786325318,9116,9116.1
1525786328867,9112,9112.1
1525786332387,9112,9112.1
1525786337469,9109.2,9109.3
1525786340577,9108.8,9108.9
1525786344922,9108.8,9108.9
1525786348773,9107.6,9107.7
1525786417216,9115.7,9117.7
1525786420593,9118.3,9118.4
1525786425514,9120.3,9120.4
1525786428330,9125.9,9126.5
1525786432659,9127.3,9127.9
1525786436323,9127.3,9127.4
1525786440087,9127.3,9127.4
1525786442850,9127.3,9127.4
1525786446800,9127.3,9127.4
1525786451415,9127.3,9127.4
1525786454456,9127.3,9127.4
1525786458326,9127.3,9127.4
1525786462714,9127.3,9127.4
1525786465237,9127.3,9127.4
1525786469434,9127.3,9127.4
1525786536975,9126,9126.1
1525786541021,9126,9126.1
1525786542306,9126,9126.1
1525786547753,9126,9126.1
1525786552036,9126,9126.1
1525786556430,9126,9126.1
1525786559062,9126,9126.1
1525786563907,9126,9126.1
1525786566978,9126,9126.1
1525786571521,9126,9126.1
1525786575239,9126,9126.1
1525786577986,9126,9126.1
1525786580077,9126,9126.1
1525786585122,9126,9126.1
1525786590015,9126,9126.1
1525786593043,9126,9126.1
1525786597755,9126,9126.1
1525786665588,9128.9,9129
1525786671950,9132,9132.1
1525786675413,9132,9132.1
1525786680248,9132,9132.1
1525786684398,9132,9132.1
1525786690050,9132,9132.1
1525786693570,9132,9132.1
1525786702436,9134.4,9134.5
1525786707347,9134.9,9137.1
1525786711498,9142.5,9142.6
1525786715202,9142.5,9142.6
1525786783433,9142.5,9142.6
1525786786422,9142.5,9142.6
1525786790623,9142.5,9142.6
1525786797241,9142.7,9142.8
1525786801206,9142.7,9142.8
1525786805815,9142.7,9142.8
1525786807670,9142.7,9142.8
1525786812246,9142.7,9142.8
1525786817966,9142.7,9142.8
1525786823365,9142.7,9142.8
1525786827269,9142.7,9142.8
1525786829839,9142.7,9142.8
1525786833302,9142.7,9142.8
1525786837486,9142.7,9142.8
1525786907421,9142.7,9142.8
1525786911239,9142.7,9142.8
1525786914010,9142.7,9142.8
1525786917632,9142.7,9142.8
1525786922462,9142.7,9142.8
1525786925419,9142.7,9142.8
1525786929804,9142.7,9142.8
1525786935463,9142.7,9142.8
1525786938663,9142.7,9142.8
1525786943868,9142.7,9142.8
1525786947261,9142.7,9142.8
1525786951151,9142.7,9142.8
1525786956205,9142.7,9142.8
1525786960184,9142.7,9142.8
1525786964011,9142.7,9142.8
1525787036871,9142.7,9142.8
1525787040935,9142.7,9142.8
1525787045197,9142.7,9142.8
1525787047062,9142.7,9142.8
1525787051454,9142.7,9142.8
1525787056450,9142.7,9142.8
1525787058800,9142.7,9142.8
1525787063935,9142.7,9142.8
1525787066599,9142.7,9142.8
1525787071547,9142.7,9142.8
1525787074231,9142.7,9142.8
1525787079123,9142.7,9142.8
1525787152630,9142.5,9142.6
1525787156008,9142.5,9142.6
1525787159796,9142.5,9142.6
1525787163041,9142.5,9142.6
1525787165492,9142.5,9142.6
1525787171360,9142.5,9142.6
1525787173540,9142.5,9142.6
1525787178068,9142.5,9142.6
1525787182167,9142.5,9142.6
1525787185362,9142.5,9142.6
1525787189593,9142.5,9142.6
1525787192228,9142.5,9142.6
1525787197264,9142.5,9142.6
1525787200934,9142.5,9142.6
1525787267488,9142.5,9142.6
1525787270919,9142.5,9142.6
1525787274357,9142.4,9142.5
1525787277867,9142.4,9142.5
1525787283598,9142,9142.1
1525787285994,9142,9142.1
1525787290463,9142,9142.1
1525787294333,9142,9142.1
1525787297738,9134.5,9136.1
1525787302455,9133.4,9134.6
1525787304838,9130,9130.1
1525787309626,9130,9130.1
1525787313635,9128.2,9128.3
1525787316076,9128.2,9128.3
1525787320247,9128.2,9128.3
1525787386123,9130,9130.1
1525787389720,9130,9130.1
1525787393229,9130,9130.1
1525787396473,9130,9130.1
1525787400471,9130,9130.1
1525787403012,9130,9130.1
1525787407442,9130,9130.1
1525787411609,9130,9130.1
1525787415904,9130,9130.1
1525787418358,9130,9130.1
1525787422647,9130,9130.1
1525787425520,9130.3,9130.4
1525787430314,9130.3,9130.4
1525787499030,9129.1,9129.2
1525787501566,9129.1,9129.2
1525787505343,9129.1,9129.2
1525787509854,9129.1,9129.2
1525787513986,9129.1,9129.2
1525787517584,9129.1,9129.2
1525787522167,9129.1,9129.2
1525787525207,9129.1,9129.2
1525787528594,9129.1,9129.2
1525787533451,9129.1,9129.2
1525787537054,9129.1,9129.2
1525787540545,9129.1,9129.2
1525787544343,9127,9127.1
1525787544343,9127,9127.1
1525787551935,9127,9127.1
1525787554744,9127,9127.1
1525787624667,9127,9127.1
1525787629815,9127,9127.1
1525787633319,9127,9127.1
1525787636450,9127,9127.1
1525787639350,9127,9127.1
1525787644680,9127,9127.1
1525787647239,9127,9127.1
1525787651223,9127,9127.1
1525787655135,9127,9127.1
1525787659600,9127,9127.1
1525787663005,9127,9127.1
1525787667689,9127,9127.1
1525787736437,9127,9127.1
1525787740583,9127,9127.1
1525787744070,9127,9127.1
1525787748502,9127,9127.1
1525787750139,9127,9127.1
1525787756591,9127,9127.1
1525787760000,9127,9127.1
1525787763877,9127,9127.1
1525787766692,9127,9127.1
1525787770284,9127,9127.1
1525787774939,9127,9127.1
1525787778890,9127,9127.1
1525787782848,9127,9127.1
1525787785310,9127.4,9127.8
1525787790287,9127.7,9127.8
1525787793939,9127.7,9127.8
1525787861023,9127.7,9127.8
1525787865857,9127.7,9127.8
1525787870170,9127.7,9127.8
1525787874091,9127.7,9127.8
1525787877998,9127.7,9127.8
1525787881283,9127.7,9127.8
1525787887615,9127.7,9127.8
1525787891837,9127.7,9127.8
1525787894525,9127.7,9127.8
1525787899736,9127.7,9127.8
1525787903033,9127.7,9127.8
1525787906465,9127.7,9127.8
1525787911266,9127.7,9127.8
1525787915394,9127.7,9127.8
1525787920304,9127.7,9127.8
1525787986549,9127.7,9127.8
1525787990378,9127.7,9127.8
1525787995688,9127.7,9127.8
1525787999413,9127.7,9127.8
1525788003350,9127.7,9127.8
1525788006722,9127.7,9127.8
1525788011173,9127.7,9127.8
1525788013979,9127.7,9127.8
1525788018062,9127.7,9127.8
1525788022347,9127.7,9127.8
1525788025114,9127.7,9127.8
1525788030054,9127.7,9127.8
1525788032995,9127.7,9127.8
1525788102253,9127.7,9127.8
1525788106740,9127.7,9127.8
1525788109837,9127.7,9127.8
1525788113260,9127.7,9127.8
1525788117588,9127.7,9127.8
1525788121673,9127.7,9127.8
1525788123473,9127.7,9127.8
1525788128220,9127.7,9127.8
1525788132776,9127.7,9127.8
1525788136130,9127.7,9127.8
1525788139738,9127.7,9127.8
1525788144748,9127.7,9127.8
1525788148313,9127.7,9127.8
1525788149717,9127.7,9127.8
1525788220888,9138.2,9138.3
1525788225196,9138.2,9138.3
1525788228095,9138.2,9138.3
1525788231530,9140.5,9140.6
1525788237053,9140.5,9140.6
1525788243252,9141,9141.1
1525788247790,9141,9141.1
1525788248995,9141,9141.1
1525788254840,9141,9141.1
1525788259334,9141,9141.1
1525788263351,9141,9141.1
1525788267135,9141,9141.1
1525788268329,9141,9141.1
1525788275629,9141,9141.1
1525788277838,9141,9141.1
1525788282893,9141,9141.1
1525788351501,9142.8,9142.9
1525788354493,9142.8,9142.9
1525788360444,9142.8,9142.9
1525788364621,9142.8,9142.9
1525788367709,9142.8,9142.9
1525788370702,9142.8,9142.9
1525788375133,9142.8,9142.9
1525788378949,9142.8,9142.9
1525788382553,9142.8,9142.9
1525788386029,9142.8,9142.9
1525788386029,9142.8,9142.9
1525788394545,9142.8,9142.9
1525788396875,9142.8,9142.9
1525788401591,9142.8,9142.9
1525788404549,9142.8,9142.9
1525788423812,9142.8,9142.9
1525788473361,9142.8,9142.9
1525788476782,9142.8,9142.9
1525788478286,9142.8,9142.9
1525788484314,9142.8,9142.9
1525788488020,9142.8,9142.9
1525788491073,9142.8,9142.9
1525788495440,9142.8,9142.9
1525788499260,9142.8,9142.9
1525788502485,9142.8,9142.9
1525788505331,9142.8,9142.9
1525788509780,9142.8,9142.9
1525788509780,9142.8,9142.9
1525788518151,9142.8,9142.9
1525788521934,9142.8,9142.9
1525788525596,9142.8,9142.9
1525788530044,9142.8,9142.9
1525788597980,9142.8,9142.9
1525788601663,9142.8,9142.9
1525788605677,9142.8,9142.9
1525788609906,9142.8,9142.9
1525788613649,9142.8,9142.9
1525788618170,9142.8,9142.9
1525788620851,9142.8,9142.9
1525788624587,9142.8,9142.9
1525788628644,9142.8,9142.9
1525788632413,9142.8,9142.9
1525788637134,9142.8,9142.9
1525788640445,9142.8,9142.9
1525788708049,9142.8,9142.9
1525788712125,9142.8,9142.9
1525788715018,9142.8,9142.9
1525788715018,9142.8,9142.9
1525788715018,9142.8,9142.9
1525788715018,9142.8,9142.9
1525788715018,9142.8,9142.9
1525788715018,9142.8,9142.9
1525788715018,9142.8,9142.9
1525788715018,9142.8,9142.9
1525788715018,9142.8,9142.9
1525788772222,9142.8,9143.9
1525788777926,9142.9,9143
1525788782891,9142.9,9143
1525788786060,9142.9,9143
1525788788704,9142.9,9143
1525788793464,9142.9,9143
1525788797178,9142.9,9143
1525788798629,9142.9,9143
1525788805405,9142.9,9143
1525788809651,9142.9,9143
1525788813242,9142.9,9143
1525788816625,9142.9,9143
1525788885564,9145.1,9145.2
1525788889945,9145.1,9145.2
1525788893714,9145.1,9145.2
1525788898126,9145.1,9145.2
1525788900768,9145.1,9145.2
1525788906782,9145.1,9145.2
1525788909654,9145.1,9145.2
1525788913062,9145.1,9145.2
1525788917876,9145.1,9145.2
1525788921565,9145.1,9145.2
1525788924124,9145.1,9145.2
1525788929862,9145.1,9145.2
1525788934217,9145.1,9145.2
1525788940946,9145.1,9145.2
1525788945722,9145.1,9145.2
1525788950344,9145.1,9145.2
1525789022693,9146.9,9147
1525789027936,9146.9,9147
1525789032029,9146.9,9147
1525789036382,9146.9,9147
1525789041048,9146.9,9147
1525789045026,9146.9,9147
1525789050938,9146.9,9147
1525789130563,9152.8,9152.9
1525789134351,9152.8,9152.9
1525789137611,9152.8,9152.9
1525789142173,9152.8,9152.9
1525789147636,9152.8,9152.9
1525789150458,9152.8,9152.9
1525789153778,9152.8,9152.9
1525789158422,9152.8,9152.9
1525789162828,9152.8,9152.9
1525789166658,9152.8,9152.9
1525789170085,9152.8,9152.9
1525789173818,9152.8,9152.9
1525789176242,9152.8,9152.9
1525789181325,9152.8,9152.9
1525789183212,9152.8,9152.9
1525789248995,9152.8,9152.9
1525789252898,9152.8,9152.9
1525789257878,9152.8,9152.9
1525789260958,9152.8,9152.9
1525789265197,9152.8,9152.9
1525789267661,9152.8,9152.9
1525789273147,9152.8,9152.9
1525789278094,9153,9153.1
1525789281546,9153,9153.1
1525789286409,9153,9153.1
1525789289226,9153,9153.1
1525789296103,9153,9153.1
1525789300209,9153,9153.1
1525789303918,9153,9153.1
1525789307589,9153,9153.1
1525789308967,9153,9153.1
1525789379226,9153,9153.1
1525789385366,9153,9153.1
1525789389801,9153,9153.1
1525789395255,9154.4,9154.5
1525789402358,9154.4,9154.5
1525789408209,9154.4,9154.5
1525789412962,9154.9,9155
1525789416770,9154.9,9155
1525789419727,9154.9,9156
1525789425065,9155.4,9156
1525789492121,9168.5,9168.6
1525789496940,9168.5,9168.6
1525789501016,9168.5,9168.6
1525789509702,9168.5,9168.6
1525789517811,9168.5,9168.6
1525789522623,9168.5,9168.6
1525789526638,9168.5,9168.6
1525789533352,9168.5,9168.6
1525789607858,9168.4,9168.5
1525789613278,9168.4,9168.5
1525789617277,9168.4,9168.5
1525789620715,9168.4,9168.5
1525789623041,9168.4,9168.5
1525789628037,9168.4,9168.5
1525789633057,9168.4,9168.5
1525789635734,9168.5,9168.6
1525789639956,9168.5,9168.6
1525789643260,9168.5,9168.6
1525789648460,9168.5,9168.6
1525789651615,9168.5,9168.6
1525789654563,9168.5,9168.6
1525789659368,9168.5,9168.6
1525789667471,9168.5,9168.6
1525789738144,9168.5,9168.6
1525789741626,9168.5,9168.6
1525789745262,9168.5,9168.6
1525789749398,9168.6,9168.7
1525789754394,9168.6,9168.7
1525789758710,9168.6,9168.7
1525789765336,9168.6,9168.7
1525789776187,9168.6,9168.7
1525789783855,9168.6,9168.7
1525789788814,9168.6,9168.7
1525789794660,9168.5,9168.7
1525789799549,9168.6,9168.7
1525789877751,9153.7,9153.8
1525789882219,9148.7,9148.8
1525789890809,9138.5,9139.1
1525789899197,9139.8,9139.9
1525789904150,9139.8,9139.9
1525789975727,9123.7,9123.8
1525789980674,9123.8,9123.9
1525789983999,9123.8,9123.9
1525789988994,9123.8,9123.9
1525789994577,9123.8,9123.9
1525789998445,9123.8,9123.9
1525790000235,9123.8,9123.9
1525790005198,9123.8,9123.9
1525790008778,9123.8,9123.9
1525790012351,9123.9,9124
1525790016166,9127.1,9127.2
1525790021011,9127.1,9127.2
1525790089004,9134.5,9134.6
1525790093153,9134.5,9134.6
1525790095546,9134.5,9134.6
1525790100049,9134.5,9134.6
1525790106347,9134.5,9134.6
1525790109289,9134.5,9134.6
1525790112278,9134.5,9134.6
1525790119722,9134.5,9134.6
1525790125869,9134.5,9134.6
1525790129219,9134.5,9134.6
1525790133906,9134.5,9134.6
1525790138613,9134.5,9135
1525790206445,9144.9,9145
1525790210374,9144.9,9145
1525790214797,9144.9,9145
1525790219184,9144.9,9145
1525790224458,9144.9,9145
1525790227462,9144.9,9145
1525790231029,9144.9,9145
1525790235097,9144.9,9145
1525790239339,9144.9,9145
1525790243239,9144.9,9145
1525790247818,9144.9,9145
1525790256441,9144.9,9145
1525790322538,9144.9,9145
1525790327678,9144.9,9145
1525790331221,9144.9,9145
1525790335530,9144.9,9145
1525790339444,9144,9144.1
1525790342762,9144,9144.1
1525790342762,9144,9144.1
1525790349543,9144,9144.1
1525790352610,9144,9144.1
1525790357817,9139.6,9139.7
1525790361250,9139.6,9139.7
1525790364503,9139.6,9139.7
1525790368064,9139.6,9139.7
1525790373109,9139.6,9139.7
1525790376113,9139.6,9139.7
1525790446020,9136.7,9136.8
1525790450735,9136.7,9136.8
1525790453729,9136.7,9136.8
1525790456627,9136.7,9136.8
1525790460163,9136.7,9136.8
1525790465247,9136.7,9136.8
1525790468511,9136.7,9136.8
1525790472274,9136.7,9136.8
1525790475625,9136.7,9136.8
1525790479239,9136.7,9136.8
1525790483555,9136.7,9136.8
1525790487935,9136.7,9136.8
1525790491356,9136.7,9136.8
1525790495400,9136.7,9136.8
1525790499351,9136.7,9136.8
1525790502582,9136.7,9136.8
1525790569875,9144.9,9145
1525790572995,9144.9,9145
1525790578074,9144.9,9145
1525790580127,9144.9,9145
1525790585282,9144.9,9145
1525790590422,9144.9,9145
1525790593648,9144.9,9145
1525790597746,9144.9,9145
1525790601889,9144.9,9145
1525790604425,9144.9,9145
1525790609171,9145.5,9145.7
1525790612483,9146,9146.5
1525790616788,9145.7,9145.8
1525790621492,9145.7,9145.8
1525790690150,9145.7,9145.8
1525790693649,9145.7,9145.8
1525790697616,9145.7,9145.8
1525790701725,9145.7,9145.8
1525790703137,9145.7,9145.8
1525790705417,9145.7,9145.8
1525790712684,9145.7,9145.8
1525790717092,9145.7,9145.8
1525790719696,9145.7,9145.8
1525790724278,9145.7,9145.8
1525790727962,9145.7,9145.8
1525790731626,9145.7,9145.8
1525790733988,9141.5,9141.6
1525790740991,9141.5,9141.6
1525790745257,9140.4,9141.5
1525790749398,9140.4,9140.5
1525790820414,9138.6,9138.7
1525790829855,9136,9136.1
1525790840690,9129,9129.1
1525790846385,9129,9129.1
1525790853921,9129,9129.1
1525790858166,9129,9129.1
1525790862626,9114.9,9115
1525790866900,9114.9,9115
1525790935421,9106.1,9106.2
1525790940061,9106.1,9106.2
1525790941664,9106.1,9106.2
1525790946859,9110.8,9113.1
1525790950532,9116.2,9119.4
1525790955010,9119.3,9119.4
1525790957552,9119.4,9119.6
1525790962225,9122.5,9122.6
1525790966273,9127.4,9128.4
1525790970277,9129,9129.1
1525790974571,9129,9129.1
1525790977813,9128.5,9129
1525790983043,9131.4,9132.8
1525791079194,9119.3,9119.9
1525791083419,9119.9,9120
1525791087016,9119.9,9120
1525791092231,9119.9,9120
1525791094381,9119.9,9120
1525791098518,9119.9,9120
1525791102559,9119.9,9120
1525791108139,9125.1,9129.3
1525791112856,9128.9,9129
1525791185705,9132.9,9133
1525791188926,9132.9,9133
1525791191934,9132.9,9133
1525791196629,9132.9,9133
1525791200433,9132.9,9133
1525791203962,9132.9,9133
1525791208064,9132.9,9133
1525791212202,9132.9,9133
1525791214796,9132.9,9133
1525791219309,9132.9,9133
1525791224078,9132.9,9133
1525791230723,9132.9,9133
1525791300836,9132.9,9133
1525791303230,9132.9,9133
1525791307735,9132.9,9133
1525791311361,9132.9,9133
1525791315134,9132.9,9133
1525791315134,9132.9,9133
1525791322944,9132.9,9133
1525791325486,9132.9,9133
1525791329706,9132.9,9133
1525791333714,9132.9,9133
1525791336547,9132.9,9133
1525791340553,9132.9,9133
1525791345167,9132.9,9133
1525791348812,9132.9,9133
1525791415488,9132.9,9133
1525791418409,9132.9,9133
1525791423594,9132.9,9133
1525791426774,9132.9,9133
1525791429720,9132.9,9133
1525791435544,9132.9,9133
1525791438584,9132.9,9133
1525791443027,9132.9,9133
1525791446201,9132.9,9133
1525791449674,9132.9,9133
1525791453406,9132.9,9133
1525791458159,9132.9,9133
1525791459717,9132.9,9133
1525791464762,9132.9,9133
1525791468890,9132.9,9133
1525791471795,9132.9,9133
1525791540014,9132.9,9133
1525791542326,9132.9,9133
1525791547758,9132.9,9133
1525791551352,9132.9,9133
1525791555591,9132.9,9133
1525791559253,9133,9133.1
1525791562798,9133,9133.1
1525791567766,9133,9133.1
1525791570787,9133,9133.1
1525791575274,9133,9133.1
1525791577979,9133,9133.1
1525791582654,9133,9133.1
1525791647931,9138.6,9138.7
1525791651225,9138.6,9138.7
1525791655061,9138.6,9138.7
1525791659105,9138.6,9138.7
1525791660746,9138.6,9138.7
1525791666514,9138.6,9138.7
1525791670871,9138.6,9138.7
1525791672654,9138.6,9138.7
1525791676990,9138.6,9138.7
1525791681761,9138.6,9138.7
1525791686009,9138.6,9138.7
1525791690311,9138.7,9138.8
1525791693102,9138.7,9138.8
1525791697268,9138.7,9138.8
1525791702075,9138.7,9138.8
1525791704085,9138.7,9138.8
1525791704085,9138.7,9138.8
1525791704085,9138.7,9138.8
1525791704085,9138.7,9138.8
1525791704085,9138.7,9138.8
1525791704085,9138.7,9138.8
1525791704085,9138.7,9138.8
1525791704085,9138.7,9138.8
1525791704085,9138.7,9138.8
1525791704085,9138.7,9138.8
1525791704085,9138.7,9138.8
1525791704085,9138.7,9138.8
1525791704085,9138.7,9138.8
1525791704085,9138.7,9138.8
1525791704085,9138.7,9138.8
1525791704085,9138.7,9138.8
1525791771610,9151,9151.1
1525791778226,9150.5,9150.7
1525791781190,9147.2,9147.3
1525791785323,9147.2,9147.3
1525791788588,9147.2,9147.3
1525791794236,9143.2,9143.3
1525791797989,9143.2,9143.3
1525791801149,9143.2,9143.3
1525791805751,9143.2,9143.5
1525791809151,9143.3,9145.5
1525791815346,9144.4,9147.1
1525791818952,9146.2,9148.1
1525791822141,9146.2,9146.3
1525791889428,9149.2,9149.3
1525791894405,9149.2,9149.3
1525791897711,9150.4,9150.5
1525791900915,9150.4,9150.5
1525791904433,9150.5,9151
1525791908253,9150.8,9150.9
1525791913784,9151.7,9152
1525791916309,9151.9,9152
1525791920959,9151.9,9152
1525791924829,9151.9,9152
1525791928661,9151.9,9152
1525791932803,9151.9,9152
1525791936822,9152.9,9153
1525792004812,9153,9153.1
1525792009264,9153,9153.1
1525792013895,9153,9153.1
1525792017278,9153,9153.1
1525792021643,9156.5,9156.6
1525792025180,9156.5,9156.6
1525792028939,9156.5,9156.6
1525792032945,9156.5,9156.6
1525792036229,9156.5,9156.6
1525792039621,9156.5,9156.6
1525792043515,9156.5,9156.6
1525792047899,9156.5,9156.6
1525792050656,9156.5,9156.6
1525792054643,9156.5,9156.6
1525792124329,9156.5,9156.6
1525792128094,9156.5,9156.6
1525792131719,9156.5,9156.6
1525792135620,9156.5,9156.6
1525792138918,9156.5,9156.6
1525792142225,9156.5,9156.6
1525792147116,9156.5,9156.6
1525792149980,9156.5,9156.6
1525792153721,9156.5,9156.6
1525792157828,9156.5,9156.6
1525792161822,9156.5,9156.6
1525792166068,9156.5,9156.6
1525792234456,9156.4,9156.5
1525792239564,9156.4,9156.5
1525792242213,9156.4,9156.5
1525792242213,9156.4,9156.5
1525792247982,9156.4,9156.5
1525792253524,9156.4,9156.5
1525792253524,9156.4,9156.5
1525792259307,9156.4,9156.5
1525792265460,9156.3,9156.4
1525792265460,9156.3,9156.4
1525792271000,9156.3,9156.4
1525792275815,9156.3,9156.4
1525792281029,9156.3,9156.4
1525792285902,9156.3,9156.4
1525792289445,9156.3,9156.4
1525792292560,9156.3,9156.4
1525792296961,9156.3,9156.4
1525792300457,9156.3,9156.4
1525792304544,9156.3,9156.4
1525792308229,9156.3,9156.4
1525792311837,9156.3,9156.4
1525792382431,9139.8,9139.9
1525792388185,9137,9138.5
1525792390958,9137,9137.1
1525792396753,9137,9137.1
1525792396753,9137,9137.1
1525792405452,9137,9137.1
1525792409494,9129.9,9130
1525792412233,9129.9,9130
1525792416868,9129.9,9130
1525792420234,9129.9,9130
1525792422809,9129.9,9130
1525792427498,9129.9,9130
1525792431608,9136,9137.8
1525792435413,9136.2,9136.7
1525792503632,9147,9147.1
1525792507876,9149.9,9150
1525792510293,9149.9,9150
1525792515748,9149.9,9150
1525792519280,9149.9,9150
1525792520354,9149.9,9150
1525792526688,9150,9150.1
1525792529913,9150,9150.1
1525792532275,9150,9150.1
1525792537893,9150,9150.1
1525792542307,9150,9150.1
1525792545684,9150,9150.1
1525792611116,9155.9,9156
1525792614786,9155.9,9156
1525792618725,9155.9,9156
1525792621623,9155.9,9156
1525792625456,9155.9,9156
1525792628453,9155.9,9156
1525792632497,9155.9,9156
1525792636709,9155.9,9156
1525792640221,9155.9,9156
1525792641580,9155.9,9156
1525792648131,9155.9,9156
1525792651136,9155.9,9156
1525792655561,9155.9,9156
1525792658155,9155.9,9156
1525792662889,9155.9,9156
1525792662889,9155.9,9156
1525792670335,9155.9,9156
1525792750013,9155.5,9155.6
1525792753956,9155.5,9155.6
1525792757138,9155.5,9155.6
1525792761480,9155.5,9155.6
1525792764512,9155.5,9155.6
1525792768911,9155.5,9155.6
1525792773117,9155.5,9155.6
1525792776771,9155.5,9155.6
1525792780220,9155.5,9155.6
1525792784531,9155.5,9155.6
1525792855471,9163.4,9163.5
1525792858984,9163.4,9163.5
1525792862514,9163.4,9163.5
1525792866689,9163.4,9163.5
1525792870177,9163.4,9163.5
1525792875325,9163.4,9163.5
1525792879313,9163.4,9163.5
1525792883643,9163.4,9163.5
1525792886872,9163.4,9163.5
1525792890945,9163.4,9163.5
1525792895366,9163.4,9163.5
1525792898499,9163.4,9163.5
1525792969097,9133,9155.6
1525792972666,9139.9,9140
1525792977758,9139.9,9140
1525792980539,9139.9,9140
1525792982065,9139.9,9140
1525792988256,9138.6,9138.7
1525792992032,9138.6,9142.7
1525792996528,9143,9144.7
1525792999267,9144.5,9144.6
1525793004077,9145.7,9145.8
1525793008615,9147.7,9152.5
1525793008615,9147.7,9152.5
1525793014221,9152,9152.9
1525793018672,9155,9155.7
1525793021768,9154.5,9154.6
1525793026323,9153.7,9154.6
1525793030166,9153.9,9154
1525793099660,9147.3,9147.4
1525793102125,9147.3,9147.4
1525793107223,9144.8,9145.1
1525793110900,9144.8,9144.9
1525793116168,9144.7,9144.8
1525793121373,9144.7,9144.8
1525793124940,9144.7,9144.8
1525793128712,9144.7,9144.8
1525793132280,9144.7,9144.8
1525793135720,9144.5,9144.6
1525793138825,9144.5,9144.6
1525793208299,9130.4,9130.5
1525793211642,9131.6,9131.7
1525793215754,9131.6,9131.7
1525793219978,9131.6,9131.7
1525793222158,9131.6,9131.7
1525793227537,9131.6,9131.7
1525793231027,9131.6,9131.7
1525793232143,9131.6,9131.7
1525793238597,9131.6,9131.7
1525793242239,9132,9132.1
1525793245767,9132,9132.1
1525793250144,9132,9132.1
1525793320810,9135.3,9138.3
1525793322045,9138.8,9138.9
1525793328541,9131,9131.9
1525793332289,9127,9131.5
1525793336074,9131.4,9131.5
1525793341058,9132.8,9133
1525793342226,9132.7,9132.8
1525793348232,9132.9,9133
1525793351842,9132.9,9133
1525793355108,9132.9,9133
1525793357608,9132.9,9133
1525793363398,9132.9,9133
1525793366507,9132.9,9133
1525793370005,9132.9,9133
1525793438598,9128.1,9128.2
1525793442430,9123,9123.1
1525793446726,9123,9123.1
1525793450660,9123,9123.1
1525793454578,9123,9123.1
1525793457211,9123.1,9123.2
1525793462112,9123,9123.1
1525793465328,9119.8,9123.1
1525793469408,9119.8,9119.9
1525793473157,9119.8,9119.9
1525793475687,9119.8,9119.9
1525793480029,9123.1,9126.8
1525793484287,9123.5,9123.6
1525793549585,9132,9139.5
1525793553599,9138.2,9141.1
1525793557080,9142.3,9142.4
1525793562125,9141.2,9142
1525793565725,9142.1,9142.2
1525793567986,9142.1,9142.2
1525793572242,9142.1,9142.2
1525793576125,9142.1,9142.2
1525793579757,9142.1,9142.2
1525793583787,9142.1,9142.2
1525793588949,9142.1,9142.2
1525793593572,9147.3,9147.4
1525793664202,9154.6,9154.7
1525793667452,9154.6,9154.7
1525793671293,9154.6,9154.7
1525793674401,9154.6,9154.7
1525793680077,9154.6,9154.7
1525793680077,9154.6,9154.7
1525793686851,9154.6,9154.7
1525793686851,9154.6,9154.7
1525793695366,9154.6,9154.7
1525793698668,9154.6,9154.7
1525793698668,9154.6,9154.7
1525793706877,9154.6,9154.7
1525793710229,9153.9,9154
1525793714894,9149.7,9154
1525793719050,9149.7,9149.8
1525793720029,9149.7,9149.8
1525793726056,9149.7,9149.8
1525793729640,9149.7,9149.8
1525793733640,9149.7,9149.8
1525793735809,9149.7,9149.8
1525793801736,9142.2,9142.3
1525793804929,9142.2,9142.3
1525793808417,9142.2,9142.3
1525793812732,9142.2,9142.3
1525793816857,9142.2,9142.3
1525793820807,9142.2,9142.3
1525793824607,9142.2,9142.3
1525793828329,9142.2,9142.3
1525793832300,9142.2,9142.3
1525793833627,9142.2,9142.3
1525793840049,9142.2,9142.3
1525793843693,9142.2,9142.3
1525793847782,9142.2,9142.3
1525793850846,9142.2,9142.3
1525793854791,9142.2,9142.3
1525793859277,9142.2,9142.3
1525793862539,9142.2,9142.3
1525793933536,9142.2,9142.3
1525793936273,9142.2,9142.3
1525793939018,9142.2,9142.3
1525793944596,9142.2,9142.3
1525793948067,9142.2,9142.3
1525793951357,9142.2,9142.3
1525793955585,9142.2,9142.3
1525793959535,9142.2,9142.3
1525793963036,9142.2,9142.3
1525793966575,9142.2,9142.3
1525793969478,9142.2,9142.3
1525793974142,9142.2,9142.3
1525793978629,9142.2,9142.3
1525793981481,9142.2,9142.3
1525794049113,9147.7,9147.8
1525794052582,9147.7,9147.8
1525794055920,9147.7,9147.8
1525794060251,9147.7,9147.8
1525794061318,9147.7,9147.8
1525794068466,9147.7,9147.8
1525794070990,9147.7,9147.8
1525794076329,9151.2,9151.3
1525794078138,9151.2,9151.3
1525794081532,9151.2,9151.3
1525794087178,9151.2,9151.3
1525794090572,9151.2,9151.3
1525794094769,9151.2,9151.3
1525794098923,9151.2,9151.3
1525794101993,9151.2,9151.3
1525794169044,9151.2,9151.3
1525794172730,9151.2,9151.3
1525794174939,9151.2,9151.3
1525794179923,9151.2,9151.3
1525794182132,9151.2,9151.3
1525794187907,9151.2,9151.3
1525794191578,9151.2,9151.3
1525794195222,9151.2,9151.3
1525794198123,9151.2,9151.3
1525794202609,9151.2,9151.3
1525794206268,9151.2,9151.3
1525794210342,9151.2,9151.3
1525794214180,9151.2,9151.3
1525794217084,9151.2,9151.3
1525794220688,9151.2,9151.3
1525794287273,9152.2,9152.3
1525794288398,9152.2,9152.3
1525794294714,9152.2,9152.3
1525794297897,9152.2,9152.3
1525794301229,9154.9,9155
1525794305153,9154.9,9155
1525794309373,9155.6,9156
1525794314134,9155.6,9155.9
1525794316628,9155.6,9155.9
1525794320586,9155.6,9155.9
1525794325017,9155.7,9155.8
1525794327616,9155.8,9155.9
1525794332893,9155.8,9155.9
1525794336146,9156.9,9157
1525794410722,9159.4,9159.5
1525794414354,9159.4,9159.5
1525794419025,9159.4,9159.5
1525794421540,9159.4,9159.5
1525794425165,9159.4,9159.5
1525794425165,9159.4,9159.5
1525794434772,9160,9160.1
1525794437797,9160,9160.1
1525794441539,9160,9160.1
1525794446237,9160,9160.1
1525794450073,9160,9160.1
1525794452605,9160.2,9161.1
1525794456787,9160.9,9161.1
1525794459661,9161,9161.1
1525794464346,9161,9161.1
1525794532173,9179.1,9179.2
1525794536257,9179.1,9179.2
1525794539323,9179.1,9179.2
1525794543113,9179.1,9179.2
1525794546531,9179.1,9179.2
1525794550493,9179.1,9179.2
1525794554517,9179.1,9179.2
1525794558077,9179.1,9179.2
1525794562982,9179.1,9179.2
1525794568355,9179.1,9179.2
1525794572082,9179.1,9179.2
1525794575959,9179.1,9180.1
1525794646909,9170.5,9170.6
1525794651619,9166.1,9166.2
1525794654137,9166.1,9166.2
1525794658432,9166.1,9166.2
1525794662467,9166.1,9166.2
1525794666648,9166.1,9166.2
1525794670045,9166.1,9166.2
1525794672037,9166.1,9166.2
1525794676600,9166.1,9166.2
1525794680665,9166.1,9166.2
1525794683712,9166.1,9166.2
1525794695585,9166.1,9166.2
1525794701907,9166.1,9166.2
1525794770871,9170.9,9171
1525794774008,9170.9,9171
1525794779870,9170.9,9171
1525794783276,9170.9,9171
1525794786943,9170.9,9171
1525794791193,9170.9,9171
1525794795164,9175.3,9176.7
1525794798923,9175.2,9175.9
1525794802220,9175.2,9175.5
1525794806847,9175.2,9175.4
1525794811057,9175.2,9175.3
1525794880111,9177.6,9177.9
1525794884134,9177.4,9178.5
1525794884134,9177.4,9178.5
1525794892101,9177.4,9178
1525794895318,9177.9,9178.7
1525794898924,9177.5,9178.3
1525794901664,9177.5,9178.3
1525794906639,9177.5,9178.2
1525794910852,9177.7,9178.7
1525794913509,9177.4,9177.6
1525794917792,9177.4,9177.5
1525794921557,9177.4,9177.5
1525794926332,9177.4,9177.6
1525794929912,9177.4,9177.7
1525794933918,9177.4,9177.5
1525795003080,9177.6,9177.7
1525795007307,9177.6,9177.7
1525795011401,9177.6,9177.7
1525795014380,9177.6,9177.7
1525795018003,9177.6,9177.7
1525795022160,9177.6,9177.7
1525795025426,9177.6,9177.7
1525795029500,9177.6,9177.7
1525795033360,9177.7,9178.8
1525795037287,9178.7,9178.8
1525795041027,9178.7,9178.8
1525795044425,9178.7,9178.8
1525795046146,9178.7,9178.8
1525795046146,9178.7,9178.8
1525795056052,9178.7,9178.8
1525795059771,9178.7,9178.8
1525795126952,9180.6,9180.7
1525795131852,9180.6,9180.7
1525795136212,9180.6,9180.7
1525795139129,9180.6,9180.7
1525795142265,9180.6,9180.7
1525795148102,9182.9,9183
1525795151798,9182.9,9183
1525795152986,9182.9,9183
1525795158683,9182.9,9183
1525795162817,9182.9,9183
1525795166172,9182.9,9183
1525795170540,9183.5,9183.6
1525795173675,9183.5,9183.6
1525795177663,9183.5,9183.6
1525795180353,9183.5,9183.6
1525795184845,9183.5,9183.6
1525795252714,9168.7,9168.8
1525795256531,9168.7,9168.8
1525795260900,9168.1,9168.2
1525795264612,9168.3,9168.4
1525795264612,9168.3,9168.4
1525795272263,9168.3,9168.4
1525795275728,9169.1,9169.2
1525795279814,9169.1,9169.2
1525795283278,9169.1,9169.2
1525795287273,9172.6,9172.7
1525795290539,9172.6,9172.7
1525795293038,9172.6,9172.7
1525795298519,9172.6,9172.7
1525795301596,9172.6,9172.7
1525795306847,9173.3,9174.1
1525795377864,9174.1,9174.3
1525795381593,9174.2,9174.3
1525795385272,9174.2,9174.3
1525795389057,9174.2,9174.3
1525795392532,9174.2,9174.3
1525795395903,9174.2,9174.3
1525795400595,9174.2,9174.3
1525795403560,9174.2,9174.3
1525795406464,9174.2,9174.3
1525795411764,9174.2,9174.3
1525795415697,9174.2,9174.3
1525795418837,9174.2,9174.3
1525795420045,9174.2,9174.3
1525795425740,9174.2,9174.3
1525795425740,9174.2,9174.3
1525795436028,9174.2,9174.3
1525795510949,9161.1,9163
1525795516232,9162,9162.1
1525795519750,9161.1,9161.2
1525795522476,9161.1,9161.2
1525795526709,9161.1,9161.2
1525795530439,9161.1,9161.2
1525795534099,9161.1,9161.2
1525795538782,9161.1,9161.2
1525795541813,9161.1,9161.2
1525795545367,9161.1,9161.2
1525795549753,9161.1,9161.2
1525795553591,9161,9161.1
1525795555051,9160.9,9161
1525795555051,9160.9,9161
1525795620156,9160.9,9161
1525795625224,9160.9,9161
1525795627849,9160.9,9161
1525795632095,9160.9,9161
1525795635633,9160.9,9161
1525795638758,9160.9,9161
1525795642465,9160.9,9161
1525795647632,9160.9,9161
1525795650964,9160.9,9161
1525795650964,9160.9,9161
1525795658010,9160.9,9161
1525795662196,9160.9,9161
1525795666597,9160.9,9161
1525795668200,9160.9,9161
1525795737539,9161.9,9162
1525795742188,9161.9,9162
1525795745404,9161.9,9162
1525795749652,9161.9,9162
1525795752981,9161.9,9162
1525795757200,9161.9,9162
1525795760677,9161.9,9162
1525795763260,9161.9,9162
1525795768604,9161.9,9162
1525795770934,9161.9,9162
1525795775820,9161.9,9162
1525795844201,9161.9,9162
1525795848423,9161.9,9162
1525795852345,9161.9,9162
1525795859328,9161.9,9162
1525795864660,9161.9,9162
1525795867806,9161.9,9162
1525795871692,9161.9,9162
1525795875200,9161.9,9162
1525795880142,9161.9,9162
1525795884691,9161.9,9162
1525795887791,9161.9,9162
1525795890632,9161.9,9162
1525795894576,9161.9,9162
1525795960723,9161.9,9162
1525795965331,9161.9,9162
1525795969038,9161.9,9162
1525795972531,9161.9,9162
1525795976359,9161.9,9162
1525795980991,9161.9,9162
1525795982131,9161.9,9162
1525795987669,9161.9,9162
1525795992616,9161.9,9162
1525795995705,9161.9,9162
1525795999199,9161.9,9162
1525796002576,9161.9,9162
1525796006603,9161.9,9162
1525796010280,9161.9,9162
1525796014680,9165.2,9167.4
1525796014680,9165.2,9167.4
1525796022353,9165.4,9166.3
1525796022353,9165.4,9166.3
1525796092753,9169.1,9169.2
1525796097889,9169.1,9169.2
1525796100328,9169.1,9169.2
1525796105251,9164.7,9167.7
1525796108821,9164.7,9164.8
1525796112909,9164.7,9164.8
1525796116581,9164.7,9164.8
1525796120739,9164.7,9164.8
1525796125905,9164.7,9164.8
1525796129655,9164.7,9164.8
1525796132060,9164.7,9164.8
1525796137967,9164.7,9164.8
1525796205676,9164.7,9164.8
1525796208728,9164.7,9164.8
1525796208728,9164.7,9164.8
1525796216348,9163.1,9163.2
1525796221623,9163.1,9163.2
1525796222808,9163.1,9163.2
1525796228985,9163.1,9163.2
1525796232653,9163.1,9163.2
1525796236094,9163.1,9163.2
1525796240696,9163.1,9163.2
1525796241772,9163.1,9163.2
1525796247228,9163.1,9163.2
1525796251578,9163.1,9163.2
1525796255136,9163.1,9163.2
1525796259235,9163.1,9163.2
1525796326653,9163.1,9163.2
1525796329200,9163.1,9163.2
1525796333705,9163.1,9163.2
1525796337149,9163.1,9163.2
1525796342415,9163.1,9163.2
1525796345842,9163.1,9163.2
1525796349277,9163.1,9163.2
1525796353000,9163.1,9163.2
1525796353000,9163.1,9163.2
1525796361482,9163.1,9163.2
1525796364719,9163.1,9163.2
1525796368464,9163.1,9163.2
1525796372517,9163.1,9163.2
1525796376244,9163.1,9163.2
1525796380081,9163.1,9163.2
1525796383158,9163.1,9163.2
1525796385091,9163.1,9163.2
1525796450156,9162,9162.1
1525796454900,9162,9162.1
1525796458034,9162,9162.1
1525796461868,9162,9162.1
1525796465553,9162,9162.1
1525796469840,9162,9162.1
1525796473610,9162,9162.1
1525796478045,9162,9162.1
1525796481168,9162,9162.1
1525796485194,9161.9,9162
1525796490078,9161.9,9162
1525796493564,9161.9,9162
1525796562429,9152,9152.1
1525796564950,9152,9152.1
1525796568953,9152,9152.1
1525796573654,9150.7,9150.8
1525796578384,9150.7,9150.8
1525796581854,9150.7,9150.8
1525796585222,9150.7,9150.8
1525796589480,9150.5,9150.6
1525796592729,9150.5,9150.6
1525796597830,9150.5,9150.6
1525796601367,9150.5,9150.6
1525796604791,9150.5,9150.6
1525796609166,9150.5,9150.6
1525796611779,9150.5,9150.6
1525796616016,9150.5,9150.6
1525796620013,9150.5,9150.6
1525796688118,9150.4,9150.5
1525796690580,9150.4,9150.5
1525796695995,9150.4,9150.5
1525796698315,9150.4,9150.5
1525796702491,9150.4,9150.5
1525796706640,9150.5,9150.8
1525796709321,9150.7,9150.8
1525796713927,9150.7,9150.8
1525796717755,9150.7,9150.8
1525796720337,9150.7,9150.8
1525796725129,9150.7,9150.8
1525796729038,9150.7,9150.8
1525796732964,9150.7,9150.8
1525796736370,9150.7,9150.8
1525796738935,9150.7,9150.8
1525796743865,9150.7,9150.8
1525796809979,9150.7,9150.8
1525796813339,9150.7,9150.8
1525796816120,9150.7,9150.8
1525796820429,9150.7,9150.8
1525796822999,9150.7,9150.8
1525796827761,9150.7,9150.8
1525796831508,9150.7,9150.8
1525796835047,9150.7,9150.8
1525796839680,9150.7,9150.8
1525796843056,9150.7,9150.8
1525796846835,9150.7,9150.8
1525796849255,9150.7,9150.8
1525796854427,9150.7,9150.8
1525796858309,9150.7,9150.8
1525796858309,9150.7,9150.8
1525796921428,9150.7,9150.8
1525796925454,9150.7,9150.8
1525796929237,9150.7,9150.8
1525796932538,9150.7,9150.8
1525796937167,9150.7,9150.8
1525796940744,9150.7,9150.8
1525796943200,9150.7,9150.8
1525796947505,9150.7,9150.8
1525796951241,9150.7,9151.2
1525796955177,9151.1,9151.2
1525796958904,9151.1,9151.2
1525796961549,9151.1,9151.2
1525796965568,9151.1,9151.2
1525796969161,9151.1,9151.2
1525796973321,9151.1,9151.2
1525796977784,9151.1,9151.2
1525796980999,9151.1,9151.2
1525797050007,9147,9147.1
1525797063234,9147,9147.1
1525797068203,9147,9147.1
1525797071529,9147,9147.1
1525797076268,9147,9147.1
1525797079855,9147,9147.1
1525797082597,9147,9147.1
1525797085999,9147,9147.1
1525797091024,9147,9147.1
1525797094290,9147,9147.1
1525797097644,9147,9147.1
1525797101897,9147,9147.1
1525797106101,9147,9147.1
1525797110061,9147,9147.1
1525797179191,9147,9147.1
1525797182249,9147,9147.1
1525797186636,9147,9147.1
1525797189655,9147,9147.1
1525797193364,9146.9,9147
1525797197992,9146.9,9147
1525797203574,9146.9,9147
1525797206333,9146.9,9147
1525797209610,9146.9,9147
1525797213658,9146.9,9147
1525797218468,9146.9,9147
1525797221544,9146.9,9147
1525797225716,9146.9,9147
1525797293370,9145.9,9146
1525797298056,9145.9,9146
1525797300717,9145.9,9146
1525797305256,9145.9,9146
1525797309031,9145.6,9145.7
1525797312250,9144.1,9144.3
1525797316404,9144,9144.1
1525797318057,9144,9144.1
1525797320860,9144,9144.1
1525797328143,9143.6,9143.7
1525797331526,9143.6,9143.7
1525797335235,9143.6,9143.7
1525797338702,9143.6,9143.7
1525797341549,9143.6,9143.7
1525797410901,9144,9144.1
1525797414256,9144,9144.1
1525797417869,9144,9144.1
1525797421441,9144,9144.1
1525797425351,9144,9144.1
1525797428313,9144,9144.1
1525797433116,9144,9144.1
1525797436888,9144,9144.1
1525797439792,9144,9144.1
1525797443994,9144,9144.1
1525797447541,9144,9144.1
1525797451252,9144,9144.1
1525797520377,9144,9144.1
1525797524978,9144,9144.1
1525797528762,9144,9144.1
1525797532332,9144,9144.1
1525797535841,9144.2,9144.7
1525797540540,9144.6,9144.7
1525797544458,9144.6,9144.7
1525797547962,9145.8,9145.9
1525797551234,9153.3,9153.4
1525797552348,9153.3,9153.4
1525797558856,9153.3,9153.4
1525797561228,9153.3,9153.4
1525797565558,9153.3,9153.4
1525797569842,9153.3,9153.4
1525797574224,9154,9154.1
1525797578124,9153.3,9154
1525797645132,9145,9145.1
1525797648876,9145,9145.1
1525797652210,9145,9145.1
1525797656026,9145,9145.1
1525797659154,9145,9145.1
1525797662456,9145,9145.1
1525797667443,9145,9145.1
1525797671166,9145,9145.1
1525797673552,9145,9145.1
1525797678617,9145,9145.1
1525797681810,9145,9145.1
1525797685483,9145,9145.1
1525797688500,9145,9145.1
1525797693247,9145,9145.1
1525797761220,9145.1,9145.2
1525797765438,9145.1,9145.2
1525797768847,9145,9145.1
1525797771466,9145,9145.1
1525797776368,9145,9145.1
1525797779776,9144.8,9145
1525797782979,9144.8,9144.9
1525797787514,9144.8,9144.9
1525797791041,9144.8,9144.9
1525797795136,9144.8,9144.9
1525797798680,9144.8,9144.9
1525797802217,9144.8,9144.9
1525797805352,9144.8,9144.9
1525797877513,9144.8,9144.9
1525797877513,9144.8,9144.9
1525797886049,9144.8,9144.9
1525797888478,9144.8,9144.9
1525797894294,9144.8,9144.9
1525797897837,9144.8,9144.9
1525797900836,9144.8,9144.9
1525797905302,9144.8,9144.9
1525797908848,9144.8,9144.9
1525797913572,9144.8,9144.9
1525797916074,9144.8,9144.9
1525797920217,9144.8,9144.9
1525797923445,9144.8,9144.9
1525797927902,9144.8,9144.9
1525797931915,9144.8,9144.9
1525797934104,9144.8,9144.9
1525798002832,9144.8,9144.9
1525798006197,9144.8,9144.9
1525798010176,9144.8,9144.9
1525798014307,9144.8,9144.9
1525798017686,9144.8,9144.9
1525798019804,9144.8,9144.9
1525798025753,9144.8,9144.9
1525798029232,9144.8,9144.9
1525798032066,9144.8,9144.9
1525798036093,9144.8,9144.9
1525798039757,9144.8,9144.9
1525798043433,9144.8,9144.9
1525798047677,9144.8,9144.9
1525798051266,9144.8,9144.9
1525798054731,9144.8,9144.9
1525798120761,9144.8,9144.9
1525798126511,9144.8,9144.9
1525798129789,9144.8,9144.9
1525798132374,9144.8,9144.9
1525798137592,9144.8,9144.9
1525798141528,9144.8,9144.9
1525798145076,9144.8,9144.9
1525798148510,9144.8,9144.9
1525798152631,9144.8,9144.9
1525798155924,9144.8,9144.9
1525798160251,9144.8,9144.9
1525798164356,9144.8,9144.9
1525798167920,9144.8,9144.9
1525798170711,9144.8,9144.9
1525798237991,9144.8,9144.9
1525798242718,9144.8,9144.9
1525798243927,9144.8,9144.9
1525798253672,9144.8,9144.9
1525798255773,9144.8,9144.9
1525798261630,9144.8,9144.9
1525798265295,9144.8,9144.9
1525798268048,9144.8,9144.9
1525798272195,9144.8,9144.9
1525798277298,9144.8,9144.9
1525798281006,9144.8,9144.9
1525798284939,9144.8,9144.9
1525798288577,9144.8,9144.9
1525798288577,9144.8,9144.9
1525798296527,9140.8,9144.8
1525798299692,9140.8,9144.8
1525798302932,9137.8,9137.9
1525798372017,9137.6,9137.7
1525798375375,9137.6,9137.7
1525798378922,9137.6,9137.7
1525798382921,9137.6,9137.7
1525798386443,9137.6,9137.7
1525798390033,9137.6,9137.7
1525798393906,9137.6,9137.7
1525798398556,9137.6,9137.7
1525798402192,9137.6,9137.7
1525798405581,9137.6,9137.7
1525798406885,9137.6,9137.7
1525798412557,9137.6,9137.7
1525798417036,9137.6,9137.7
1525798484920,9137.6,9137.7
1525798488793,9137.6,9137.7
1525798490988,9137.6,9137.7
1525798495878,9137.6,9137.7
1525798495878,9137.6,9137.7
1525798501918,9137.6,9137.7
1525798506592,9135,9135.8
1525798510952,9135,9135.7
1525798514671,9135,9135.7
1525798518887,9135,9135.1
1525798521217,9135,9135.1
1525798525696,9133.1,9133.2
1525798529896,9133.1,9133.2
1525798533891,9133.1,9133.2
1525798536370,9133.1,9133.2
1525798540505,9133.1,9133.2
1525798544443,9133.1,9133.2
1525798612235,9117.6,9117.7
1525798616800,9117.2,9117.3
1525798620788,9117.2,9117.3
1525798624934,9117.2,9117.3
1525798626563,9117.5,9117.6
1525798632741,9117.6,9117.7
1525798633801,9117.6,9117.7
1525798639550,9115.4,9117.5
1525798642857,9111.8,9111.9
1525798646687,9112.3,9112.4
1525798650821,9112.3,9112.4
1525798654952,9111.4,9111.5
1525798658076,9111.5,9112.4
1525798662297,9112.3,9112.4
1525798666781,9113.3,9116.2
1525798734017,9119.9,9120
1525798737214,9119.9,9120
1525798740675,9119.9,9120
1525798741843,9119.9,9120
1525798748120,9119.9,9120
1525798751262,9119.9,9120
1525798756070,9121,9121.1
1525798758467,9121,9121.1
1525798763960,9121,9121.1
1525798767840,9123.9,9124
1525798770084,9124.2,9124.4
1525798774970,9124.4,9124.5
1525798778362,9125.1,9125.5
1525798782775,9125.4,9125.5
1525798849526,9131.9,9132.4
1525798853419,9132.3,9132.4
1525798857024,9132.3,9132.4
1525798859568,9132.3,9132.4
1525798865366,9132.3,9132.4
1525798868708,9133.9,9134
1525798872692,9133.9,9134
1525798876343,9133.9,9134
1525798880246,9133.9,9134
1525798884634,9133.9,9134
1525798887978,9133.9,9134
1525798891422,9133.9,9134
1525798895766,9133.9,9134
1525798962436,9133.7,9133.8
1525798966429,9131.3,9131.4
1525798970143,9131.3,9131.4
1525798974957,9131.3,9131.4
1525798979481,9130.6,9130.7
1525798983320,9130.6,9130.7
1525798986466,9130.6,9130.7
1525798990758,9130.6,9130.7
1525798993965,9130.6,9130.7
1525798997030,9130.6,9130.7
1525799001765,9130.6,9130.7
1525799004911,9130.6,9130.7
1525799009066,9130.6,9130.7
1525799012375,9130.6,9130.7
1525799080883,9127.6,9127.7
1525799085328,9127.6,9127.7
1525799085328,9127.6,9127.7
1525799092140,9125,9125.5
1525799095848,9125.4,9125.5
1525799099407,9123.7,9124.6
1525799102458,9123.8,9123.9
1525799105388,9123.7,9124.6
1525799111277,9123.7,9123.8
1525799115145,9123.7,9123.8
1525799117622,9123.7,9123.8
1525799121466,9123.7,9123.8
1525799124957,9123.6,9123.7
1525799129186,9120.6,9120.7
1525799132200,9120.5,9120.6
1525799137341,9120.5,9120.6
1525799140312,9120.5,9120.6
1525799207061,9120.6,9120.7
1525799210450,9120.6,9120.7
1525799214842,9120.6,9120.7
1525799217570,9120.6,9120.7
1525799222234,9120.6,9120.7
1525799223792,9120.6,9120.7
1525799228353,9120.6,9120.7
1525799233549,9120.6,9120.7
1525799236881,9121.8,9121.9
1525799240083,9123.8,9123.9
1525799244720,9123.8,9123.9
1525799249497,9127.5,9127.6
1525799252694,9127.5,9127.6
1525799256952,9127.5,9127.6
1525799261272,9127.5,9127.6
1525799264417,9127.5,9127.6
1525799331584,9133.9,9134
1525799335017,9133.9,9134
1525799339303,9133.9,9134
1525799342947,9133.9,9134
1525799342947,9133.9,9134
1525799351622,9133.9,9134
1525799354636,9133.9,9134
1525799359236,9133.9,9134
1525799362215,9133.9,9134
1525799366460,9133.9,9134
1525799371160,9133.9,9134
1525799374594,9133.9,9134
1525799379221,9133.9,9134
1525799383103,9133.9,9134
1525799386123,9133.9,9134
1525799453308,9133.9,9134
1525799456224,9133.9,9134
1525799459881,9133.9,9134
1525799464045,9133.9,9134
1525799467842,9133.9,9134
1525799472156,9133.9,9134
1525799474425,9133.9,9134
1525799478635,9133.9,9134
1525799481373,9133.9,9134
1525799485741,9133.9,9134
1525799490457,9133.9,9134
1525799493322,9133.9,9134
1525799497600,9133.9,9134
1525799501148,9133.9,9134
1525799505049,9133.9,9134
1525799572754,9133.9,9134
1525799576298,9133.9,9134
1525799578890,9133.9,9134
1525799582394,9133.9,9134
1525799585900,9133.9,9134
1525799591329,9133.9,9134
1525799594876,9133.9,9134
1525799598745,9133.9,9134
1525799602249,9133.9,9134
1525799603358,9133.9,9134
1525799608780,9133.9,9134
1525799612612,9133.9,9134
1525799617034,9133.9,9134
1525799620509,9133.9,9134
1525799686885,9133.9,9134
1525799690959,9133.9,9134
1525799694782,9133.9,9134
1525799697624,9133.9,9134
1525799701855,9133.9,9134
1525799705029,9133.9,9134
1525799709033,9133.9,9134
1525799713177,9133.9,9134
1525799716509,9133.9,9134
1525799719391,9133.9,9134
1525799724477,9133.9,9134
1525799728188,9133.9,9134
1525799731176,9133.9,9134
1525799734934,9133.9,9134
1525799738840,9133.9,9134
1525799805758,9134.1,9134.2
1525799810149,9144.8,9144.9
1525799813400,9144.8,9144.9
1525799817304,9144.8,9144.9
1525799820006,9144.8,9144.9
1525799824431,9144.8,9144.9
1525799827989,9144.8,9144.9
1525799832523,9144.8,9144.9
1525799834835,9144.8,9144.9
1525799840411,9144.8,9144.9
1525799842936,9144.9,9145
1525799846627,9144.9,9145
1525799850813,9144.9,9145
1525799852170,9144.9,9145
1525799857979,9144.9,9145
1525799857979,9144.9,9145
1525799866235,9145.6,9145.7
1525799934719,9153.6,9153.7
1525799937325,9153.6,9153.7
1525799938755,9153.6,9153.7
1525799945604,9153.6,9153.7
1525799948327,9153.6,9153.7
1525799949618,9153.6,9153.7
1525799955838,9153.6,9153.7
1525799959132,9153.6,9153.7
1525799959132,9153.6,9153.7
1525799967168,9153.6,9153.7
1525799971438,9153.6,9153.7
1525799975021,9153.6,9153.7
1525799978980,9153.6,9153.7
1525799980331,9153.6,9153.7
1525799986126,9153.6,9153.7
1525799986126,9153.6,9153.7
1525799991740,9153.6,9153.7
1525799997544,9153.6,9153.7
1525800001064,9153.6,9153.7
1525800003620,9153.6,9153.7
1525800008849,9153.6,9153.7
1525800012412,9153.6,9153.7
1525800016161,9153.6,9153.7
1525800019283,9153.8,9153.9
1525800094952,9157.2,9157.3
1525800097589,9157.2,9157.3
1525800100121,9157.2,9157.3
1525800106217,9157.2,9157.3
1525800110057,9159,9159.1
1525800112655,9159,9159.1
1525800113937,9159,9159.1
1525800120941,9159,9159.1
1525800123787,9159,9159.1
1525800128110,9159,9159.1
1525800128110,9159,9159.1
1525800133793,9159,9159.1
1525800139703,9159,9159.1
1525800139703,9159,9159.1
1525800145360,9159,9159.1
1525800145360,9159,9159.1
1525800150930,9159,9159.1
1525800156668,9159,9159.1
1525800160735,9159,9159.1
1525800165033,9159,9159.1
1525800168428,9159,9159.1
1525800171917,9159,9159.1
1525800178435,9159,9159.1
1525800185196,9159,9159.1
1525800186256,9159,9159.1
1525800191896,9159,9159.1
1525800197475,9159,9159.1
1525800197475,9159,9159.1
1525800205853,9159,9159.1
1525800209801,9159,9159.1
1525800212741,9159,9159.1
1525800217985,9159,9159.1
1525800221317,9159,9159.1
1525800295079,9160.9,9161
1525800297384,9160.9,9161
1525800301328,9160.9,9161
1525800306164,9162,9162.1
1525800308972,9161.2,9162.2
1525800313190,9162.1,9162.2
1525800314617,9162.1,9162.2
1525800314617,9162.1,9162.2
1525800324511,9162.1,9162.2
1525800328374,9162.1,9162.2
1525800331679,9162.1,9162.2
1525800334084,9162.1,9162.2
1525800338149,9162.1,9162.2
1525800343105,9162.1,9162.2
1525800346802,9162.1,9162.2
1525800351244,9162.3,9162.4
1525800421816,9164.7,9164.9
1525800421816,9164.7,9164.9
1525800427732,9164.7,9164.9
1525800427732,9164.7,9164.9
1525800436814,9164.7,9164.8
1525800438784,9164.7,9164.8
1525800444514,9164.8,9164.9
1525800447799,9164.8,9164.9
1525800450905,9164.8,9164.9
1525800454534,9164.8,9164.9
1525800454534,9164.8,9164.9
1525800463651,9164.8,9164.9
1525800467208,9164.8,9164.9
1525800471326,9164.8,9164.9
1525800474901,9164.8,9164.9
1525800545385,9164.8,9164.9
1525800551596,9164.8,9164.9
1525800554156,9164.8,9164.9
1525800557894,9164.8,9164.9
1525800557894,9164.8,9164.9
1525800563706,9164.8,9164.9
1525800569762,9164.8,9164.9
1525800572403,9164.8,9164.9
1525800577244,9164.8,9164.9
1525800580992,9164.8,9164.9
1525800583363,9164.8,9164.9
1525800587944,9164.8,9164.9
1525800590948,9164.8,9164.9
1525800590948,9164.8,9164.9
1525800599098,9164.8,9164.9
1525800665424,9157.2,9157.3
1525800670189,9157.2,9157.3
1525800673848,9156.2,9156.3
1525800677869,9153.6,9153.7
1525800680839,9153.6,9153.7
1525800685665,9153.6,9153.7
1525800687135,9153.6,9153.7
1525800692845,9153.6,9153.7
1525800696399,9153.6,9153.7
1525800699981,9153.6,9153.7
1525800703273,9153.6,9153.7
1525800707706,9153.6,9153.7
1525800711185,9153.6,9153.7
1525800714835,9153.6,9153.7
1525800783185,9153.5,9153.6
1525800786006,9153.5,9153.6
1525800791099,9153.5,9153.6
1525800793628,9153.5,9153.6
1525800797452,9153.5,9153.6
1525800802559,9153.5,9153.6
1525800804808,9153.5,9153.6
1525800808939,9153.5,9153.6
1525800814188,9153.5,9153.6
1525800816800,9153.5,9153.6
1525800821824,9153.5,9153.6
1525800824056,9153.5,9153.6
1525800892303,9153.5,9153.6
1525800896340,9153.5,9153.6
1525800899743,9153.5,9153.6
1525800903905,9153.5,9153.6
1525800906853,9153.5,9153.6
1525800910387,9153.6,9153.7
1525800914949,9153.6,9153.7
1525800917993,9153.6,9153.7
1525800922613,9153.6,9153.7
1525800926337,9153.6,9153.7
1525800928713,9153.6,9153.7
1525800931948,9153.6,9153.7
1525800937134,9153.6,9153.7
1525800940060,9153.6,9153.7
1525800943862,9153.7,9153.8
1525800946189,9153.7,9153.8
1525801011227,9154.8,9154.9
1525801014666,9154.8,9154.9
1525801018231,9154.8,9154.9
1525801022122,9154.8,9154.9
1525801026195,9154.8,9154.9
1525801030158,9154.8,9154.9
1525801033829,9154.8,9154.9
1525801036245,9154.8,9154.9
1525801040664,9154.8,9154.9
1525801044032,9154.8,9154.9
1525801048241,9154.8,9154.9
1525801052461,9154.8,9154.9
1525801055961,9154.8,9154.9
1525801122011,9157.3,9157.4
1525801125363,9157.3,9157.4
1525801129183,9157.9,9158.8
1525801133562,9157.9,9158
1525801136768,9157.9,9158
1525801139514,9157.9,9158
1525801143836,9157.9,9158
1525801148485,9157.9,9158
1525801151781,9157.9,9158
1525801155070,9157.9,9158
1525801160170,9157.9,9158
1525801163640,9157.9,9158
1525801167553,9157.9,9158
1525801234874,9155.4,9155.5
1525801239223,9155.4,9155.5
1525801240428,9155.4,9155.5
1525801246171,9155.4,9155.5
1525801249537,9155.4,9155.5
1525801253499,9155.4,9155.5
1525801258101,9155.4,9155.5
1525801260797,9155.4,9155.5
1525801265023,9155.4,9155.5
1525801268079,9155.4,9155.5
1525801272452,9155.4,9155.5
1525801276084,9155.4,9155.5
1525801281264,9155.4,9155.5
1525801284209,9155.4,9155.5
1525801287773,9155.4,9155.5
1525801291358,9155.4,9155.5
1525801295705,9155.4,9155.5
1525801299194,9155.4,9155.5
1525801302012,9155.4,9155.5
1525801371502,9155.4,9155.5
1525801376135,9155.4,9155.5
1525801378189,9155.4,9155.5
1525801382429,9155.4,9155.5
1525801386311,9154.4,9154.5
1525801389589,9154.4,9154.5
1525801393834,9154.4,9154.5
1525801398662,9154.4,9154.5
1525801401586,9154.4,9154.5
1525801405511,9154.4,9154.5
1525801409207,9154,9154.1
1525801413782,9154,9154.1
1525801417781,9154,9154.1
1525801421509,9154,9154.1
1525801424755,9150.7,9150.8
1525801493684,9147,9147.1
1525801496793,9147,9147.1
1525801500928,9147,9147.1
1525801503904,9147,9147.1
1525801507746,9147,9147.1
1525801511447,9147,9147.1
1525801515210,9147,9147.1
1525801519197,9147,9147.1
1525801523301,9147,9147.1
1525801526785,9147,9147.1
1525801530803,9147,9147.1
1525801533733,9147,9147.1
1525801537325,9147,9147.1
1525801571443,9147,9147.1
1525801605816,9147.6,9147.7
1525801609159,9147.6,9147.7
1525801611338,9147.6,9147.7
1525801615863,9147.6,9147.7
1525801619692,9147.6,9147.7
1525801623182,9147.6,9147.7
1525801626789,9147.6,9147.7
1525801632153,9147.6,9147.7
1525801634869,9147.6,9147.7
1525801639256,9147.6,9147.7
1525801642557,9147.6,9147.7
1525801645419,9147.6,9147.7
1525801649931,9147.6,9147.7
1525801654083,9147.6,9147.7
1525801656608,9147.6,9147.7
1525801725836,9147.6,9147.7
1525801729361,9147.6,9147.7
1525801732944,9147.6,9147.7
1525801736389,9147.6,9147.7
1525801739931,9147.6,9147.7
1525801742521,9147.6,9147.7
1525801747660,9139.6,9139.7
1525801750233,9139.5,9139.6
1525801755578,9139.9,9140.4
1525801759179,9139.9,9140.1
1525801761729,9139.9,9140
1525801764432,9139.9,9140
1525801769673,9139.9,9140.9
1525801772694,9139.9,9140
1525801777433,9139.9,9140
1525801845747,9139.6,9141
1525801849587,9139.7,9139.8
1525801852846,9139.8,9139.9
1525801856592,9139.8,9139.9
1525801860663,9140.9,9141
1525801863833,9140.9,9141
1525801868003,9140.9,9141
1525801873668,9141.8,9141.9
1525801877336,9141.8,9141.9
1525801880421,9141.8,9141.9
1525801883577,9141.8,9141.9
1525801888716,9141.8,9141.9
1525801891772,9141.8,9141.9
1525801895567,9141.8,9141.9
1525801898639,9141.8,9141.9
1525801965820,9139.8,9139.9
1525801969556,9139.8,9139.9
1525801975221,9139.8,9139.9
1525801978629,9139.8,9139.9
1525801978629,9139.8,9139.9
1525801986376,9139.8,9139.9
1525801992208,9139.8,9139.9
1525801995900,9134.8,9134.9
1525801998773,9134.8,9134.9
1525802001172,9134.8,9134.9
1525802005690,9134.8,9134.9
1525802009237,9134.8,9134.9
1525802013929,9134.8,9134.9
1525802017678,9134.8,9134.9
1525802084576,9129.1,9129.2
1525802091402,9129.1,9129.2
1525802094209,9129.1,9129.2
1525802097953,9129.1,9129.2
1525802103446,9129.1,9129.2
1525802109452,9129.1,9129.2
1525802111833,9129.1,9129.2
1525802116380,9129.1,9129.2
1525802120046,9129.1,9129.2
1525802123878,9124.3,9125
1525802127801,9124.3,9124.4
1525802132145,9124.3,9124.4
1525802199490,9124.9,9125
1525802202951,9124.9,9125
1525802206992,9124.9,9125
1525802209872,9124.9,9125
1525802213749,9124.9,9125
1525802217648,9124.9,9125
1525802221029,9124.9,9125
1525802225417,9124.9,9125
1525802228645,9124.9,9125
1525802232717,9124.9,9125
1525802236408,9124.9,9125
1525802240153,9124.9,9125
1525802243124,9124.9,9125
1525802247700,9124.9,9125
1525802251074,9124.9,9125
1525802253472,9124.9,9125
1525802322609,9124.9,9125
1525802327433,9124.9,9125
1525802331362,9124.9,9125
1525802335093,9124.9,9125
1525802338933,9124.9,9125
1525802342243,9124.9,9125
1525802346029,9124.9,9125
1525802349971,9124.9,9125
1525802353325,9124.9,9125
1525802357014,9124.9,9125
1525802360724,9124.9,9125
1525802364341,9124.9,9125
1525802368957,9124.9,9125
1525802372288,9124.9,9125
1525802440748,9138.2,9138.3
1525802443845,9138.2,9138.3
1525802446325,9138.2,9138.3
1525802451303,9138.2,9138.3
1525802455251,9138.2,9138.3
1525802458241,9138.2,9138.3
1525802462617,9138.2,9138.3
1525802466417,9138.2,9138.3
1525802470400,9138.2,9138.3
1525802474857,9138.2,9138.3
1525802478221,9138.2,9138.3
1525802481523,9138.2,9138.3
1525802485756,9138.2,9138.3
1525802489896,9138.2,9138.3
1525802491284,9138.2,9138.3
1525802496448,9138.2,9138.3
1525802500106,9138.2,9138.3
1525802504189,9138.2,9138.3
1525802507396,9138.2,9138.3
1525802575260,9136.7,9136.8
1525802579024,9136.7,9136.8
1525802581390,9136.7,9136.8
1525802586290,9136.7,9136.8
1525802590713,9132.9,9133
1525802593872,9132.7,9132.8
1525802597873,9132.7,9132.8
1525802602889,9132.7,9132.8
1525802605874,9132.7,9132.8
1525802609014,9132.7,9132.8
1525802612273,9132.7,9132.8
1525802617310,9132.7,9132.8
1525802621384,9132.7,9132.8
1525802624436,9132.7,9132.8
1525802692337,9125.4,9125.5
1525802696502,9125.4,9125.5
1525802698945,9125.4,9125.5
1525802702399,9125.4,9125.5
1525802706766,9125.4,9125.5
1525802711329,9125.4,9125.5
1525802714977,9125.4,9125.5
1525802718138,9125.4,9125.5
1525802722825,9125.4,9125.5
1525802725610,9125.4,9125.5
1525802729930,9125.4,9125.5
1525802733516,9125.4,9125.5
1525802736178,9125.4,9125.5
1525802741323,9125.4,9125.5
1525802744629,9125.4,9125.5
1525802811703,9125.4,9125.5
1525802814160,9125.4,9125.5
1525802819337,9125.4,9125.5
1525802822677,9125.4,9125.5
1525802826643,9125.4,9125.5
1525802830328,9125.4,9125.5
1525802834892,9125.4,9125.5
1525802837720,9125.4,9125.5
1525802841769,9125.4,9125.5
1525802841769,9125.4,9125.5
1525802850077,9125.4,9125.5
1525802853907,9125.4,9125.5
1525802857527,9125.4,9125.5
1525802859169,9125.4,9125.5
1525802864925,9125.4,9125.5
1525802935543,9125.4,9125.5
1525802936680,9125.4,9125.5
1525802942268,9125.4,9125.5
1525802947067,9125.4,9125.5
1525802948520,9125.4,9125.5
1525802954283,9125.4,9125.5
1525802957151,9124.8,9124.9
1525802961649,9124.8,9124.9
1525802961649,9124.8,9124.9
1525802969267,9124.8,9124.9
1525802973617,9124.8,9124.9
1525802976030,9124.8,9124.9
1525802977641,9124.8,9124.9
1525802985171,9124.8,9124.9
1525802987967,9124.8,9124.9
1525802993826,9124.8,9124.9
1525802996453,9124.8,9124.9
1525803070639,9123.2,9123.3
1525803073720,9123.2,9123.3
1525803078160,9123.2,9123.3
1525803081073,9123.2,9123.3
1525803081073,9123.2,9123.3
1525803087481,9123.2,9123.3
1525803092693,9123.2,9123.3
1525803094644,9123.2,9123.3
1525803099229,9123.2,9123.3
1525803101433,9123.2,9123.3
1525803107593,9123.2,9123.3
1525803113208,9123.2,9123.3
1525803117537,9123.2,9123.3
1525803120157,9123.2,9123.3
1525803125313,9123.2,9123.3
1525803127564,9123.2,9123.3
1525803127564,9123.2,9123.3
1525803134674,9123.2,9123.3
1525803138747,9121.9,9122
1525803144752,9121.9,9122
1525803148496,9121.9,9122
1525803150772,9121.9,9122
1525803156324,9121.9,9122
1525803162361,9121.9,9122
1525803166369,9121.9,9122
1525803170089,9121.9,9122
1525803173192,9121.9,9122
1525803240256,9110,9110.1
1525803243316,9106.2,9107.2
1525803245608,9106.2,9107.2
1525803252310,9101,9101.1
1525803255979,9101,9101.1
1525803262004,9095,9095.1
1525803263720,9095,9095.1
1525803268087,9084.1,9084.2
1525803273715,9084.1,9084.2
1525803278192,9074,9074.1
1525803280986,9074,9074.1
1525803284075,9071.3,9071.7
1525803288888,9071.3,9071.4
1525803291437,9071.3,9071.4
1525803291437,9071.3,9071.4
1525803362277,9123.9,9124
1525803366921,9123.9,9124
1525803371371,9123.9,9124
1525803373765,9123.9,9124
1525803373765,9123.9,9124
1525803380508,9123.9,9124
1525803386025,9124.1,9124.2
1525803389417,9124.1,9124.2
1525803394216,9124.1,9124.2
1525803397277,9124.1,9124.2
1525803401096,9124.1,9124.2
1525803405708,9125.1,9125.2
1525803409641,9125.1,9125.2
1525803410813,9125.3,9125.4
1525803416647,9125.3,9125.4
1525803492381,9133.3,9133.4
1525803496024,9133.3,9133.4
1525803497454,9133.3,9133.4
1525803504093,9133.3,9133.4
1525803504093,9133.3,9133.4
1525803510952,9133.3,9133.4
1525803514910,9133.3,9133.4
1525803518954,9139.8,9139.9
1525803522665,9139.8,9139.9
1525803523872,9139.8,9139.9
1525803528111,9139.8,9139.9
1525803533248,9141.8,9141.9
1525803537386,9141.8,9141.9
1525803537386,9141.8,9141.9
1525803608016,9152.3,9152.4
1525803611503,9152.3,9152.4
1525803615825,9155.3,9155.4
1525803615825,9155.3,9155.4
1525803621516,9155.3,9155.4
1525803621516,9155.3,9155.4
1525803629156,9155.3,9155.4
1525803632629,9155.3,9155.4
1525803637129,9155.3,9155.4
1525803641638,9155.3,9155.4
1525803645604,9155.3,9155.4
1525803648454,9155.3,9155.4
1525803652423,9155.3,9155.4
1525803653915,9155.3,9155.4
1525803659689,9155.3,9155.4
1525803725220,9155.5,9155.6
1525803729665,9155.5,9155.6
1525803733418,9155.5,9155.6
1525803735969,9155.5,9155.6
1525803739452,9155.5,9155.6
1525803743079,9155.5,9155.6
1525803746817,9155.5,9155.6
1525803751578,9155.5,9155.6
1525803755908,9154.4,9154.5
1525803758690,9154.4,9154.5
1525803762984,9154.4,9154.5
1525803765918,9154.4,9154.5
1525803769164,9154.4,9154.5
1525803773587,9154.4,9154.5
1525803845244,9170,9170.1
1525803847113,9170,9170.1
1525803849721,9170,9170.1
1525803856161,9170,9170.1
1525803859149,9170,9170.1
1525803863553,9170,9170.1
1525803866549,9170,9170.1
1525803870827,9170,9170.1
1525803873957,9170,9170.1
1525803877564,9170,9170.1
1525803881584,9170,9170.1
1525803886036,9170,9170.1
1525803890281,9170,9170.1
1525803893468,9170,9170.1
1525803897701,9170,9170.1
1525803965595,9170,9170.1
1525803968228,9170,9170.1
1525803972357,9170,9170.1
1525803976060,9170,9170.1
1525803980993,9170,9170.1
1525803984716,9170,9170.1
1525803988292,9170,9170.1
1525803991685,9170,9170.1
1525803995516,9170,9170.1
1525803999362,9170,9170.1
1525804004112,9170,9170.1
1525804006533,9170,9170.1
1525804074821,9173.2,9173.3
1525804077404,9173.2,9173.3
1525804081324,9173.2,9173.3
1525804082620,9173.2,9173.3
1525804088893,9173.2,9173.3
1525804091454,9173.2,9173.3
1525804096766,9173.2,9173.3
1525804099754,9173.2,9173.3
1525804103969,9173.2,9173.3
1525804107155,9173.2,9173.3
1525804111728,9173.2,9173.3
1525804114680,9173.2,9173.3
1525804119220,9173.2,9173.3
1525804119220,9173.2,9173.3
1525804126160,9174.4,9174.5
1525804129094,9177.4,9180
1525804131573,9179.9,9180
1525804200447,9205.3,9205.4
1525804206382,9205.3,9205.4
1525804210316,9205.3,9205.4
1525804212629,9205.3,9205.4
1525804217687,9203.9,9204
1525804220368,9203.1,9203.2
1525804222617,9203.1,9203.2
1525804227059,9202.1,9203.2
1525804227059,9202.1,9203.2
1525804236339,9202.1,9202.2
1525804240169,9202.1,9202.2
1525804241290,9202.1,9202.2
1525804246936,9202.1,9202.2
1525804246936,9202.1,9202.2
1525804252462,9202.1,9202.2
1525804258246,9202.1,9202.2
1525804258246,9202.1,9202.2
1525804263901,9202.1,9202.2
1525804269571,9202.1,9202.2
1525804269571,9202.1,9202.2
1525804275700,9202.1,9202.2
1525804281049,9201.8,9201.9
1525804284032,9200.1,9200.2
1525804289447,9200.1,9200.2
1525804293936,9200.1,9200.2
1525804297299,9200.1,9200.2
1525804302208,9200.1,9200.2
1525804304064,9200.1,9200.2
1525804304064,9200.1,9200.2
1525804309912,9200.1,9200.2
1525804316187,9200.1,9200.2
1525804316187,9200.1,9200.2
1525804322187,9200.1,9200.2
1525804327952,9200.1,9200.2
1525804331965,9199.5,9199.9
1525804335433,9199.8,9199.9
1525804338786,9199.8,9199.9
1525804342696,9199.8,9199.9
1525804345035,9199.8,9199.9
1525804350695,9199.8,9199.9
1525804355218,9199.8,9199.9
1525804357961,9199.8,9199.9
1525804361797,9199.8,9199.9
1525804429480,9213.9,9214
1525804433347,9213.9,9214
1525804437933,9213.9,9214
1525804439886,9214,9214.1
1525804445249,9214,9214.1
1525804448241,9218.9,9219
1525804451542,9218.9,9219
1525804455256,9227.2,9227.3
1525804460004,9227.2,9227.3
1525804462656,9227.2,9227.3
1525804467440,9227.2,9227.3
1525804470444,9227.2,9227.3
1525804474460,9226.3,9226.4
1525804478724,9226.3,9226.4
1525804481440,9226.3,9226.4
1525804548534,9232.3,9232.4
1525804553612,9232.3,9232.4
1525804555753,9235.9,9236
1525804560373,9240.5,9240.7
1525804562408,9241.7,9241.9
1525804567960,9241.7,9241.8
1525804572457,9241.7,9241.8
1525804574561,9243.1,9243.6
1525804578527,9243.5,9243.6
1525804581539,9243.5,9243.6
1525804585333,9243.5,9243.6
1525804590255,9243.8,9243.9
1525804593757,9243.9,9244
1525804597909,9243.9,9244
1525804599316,9243.9,9244
1525804605095,9243.9,9244
1525804608679,9243.9,9244.7
1525804612759,9244.6,9244.7
1525804616469,9244.6,9244.7
1525804618485,9244.6,9244.7
1525804625330,9238,9238.2
1525804628924,9238,9238.1
1525804633151,9238,9238.1
1525804635555,9238,9238.1
1525804639053,9232.2,9232.3
1525804639053,9232.2,9232.3
1525804645544,9225.8,9225.9
1525804651905,9225.8,9225.9
1525804651905,9225.8,9225.9
1525804658716,9224.6,9224.7
1525804664714,9221,9221.1
1525804664714,9221,9221.1
1525804670425,9216.2,9216.3
1525804676430,9215.9,9216
1525804676430,9215.9,9216
1525804682300,9217.2,9217.3
1525804688986,9231.1,9232
1525804692450,9231.3,9231.4
1525804696847,9231.3,9231.4
1525804699198,9231.3,9231.4
1525804703640,9231.3,9231.4
1525804707645,9231.3,9231.4
1525804710602,9231.3,9231.4
1525804715302,9231.3,9231.4
1525804718960,9234.1,9236.3
1525804722335,9234.1,9236.3
1525804791280,9230,9230.1
1525804794030,9230,9230.1
1525804797977,9227.6,9227.7
1525804801108,9220.7,9220.8
1525804805174,9220.7,9220.8
1525804809197,9212.7,9212.8
1525804811740,9212.7,9212.8
1525804811740,9212.7,9212.8
1525804823312,9212.7,9212.8
1525804823312,9212.7,9212.8
1525804828855,9212.8,9212.9
1525804835428,9212.8,9212.9
1525804839459,9212.8,9212.9
1525804843452,9212.8,9212.9
1525804846192,9212.9,9213
1525804850204,9212.9,9213
1525804854289,9212.9,9213
1525804857564,9212.9,9213
1525804926565,9212.9,9213
1525804930215,9216.1,9219.2
1525804932557,9216.1,9219.4
1525804937090,9216.7,9216.8
1525804938984,9216.7,9216.8
1525804944293,9216.7,9216.8
1525804948339,9216.7,9216.8
1525804952024,9216.7,9216.8
1525804955480,9216.7,9216.8
1525804958836,9216.7,9216.8
1525804962546,9216.7,9216.8
1525804965211,9216.7,9216.8
1525805037147,9221.6,9221.7
1525805041020,9221.6,9221.7
1525805043476,9222.5,9222.6
1525805047654,9222.5,9222.6
1525805051017,9222.5,9222.6
1525805055752,9222.5,9222.6
1525805058780,9222.5,9222.6
1525805063199,9222.5,9222.6
1525805065908,9222.5,9222.6
1525805070837,9222.5,9222.6
1525805074732,9222.5,9222.6
1525805078481,9222.5,9222.6
1525805082061,9222.5,9222.6
1525805149519,9217.2,9217.3
1525805153107,9217.2,9217.3
1525805157141,9217.2,9217.3
1525805159578,9216.7,9216.8
1525805163732,9216.7,9216.8
1525805167663,9216.7,9216.8
1525805171420,9216.7,9216.8
1525805175786,9216.6,9216.7
1525805178712,9216.6,9216.7
1525805182841,9216.6,9216.7
1525805187120,9216.6,9216.7
1525805190270,9216.6,9216.7
1525805194068,9216.6,9216.7
1525805265298,9213.2,9213.3
1525805268720,9213.2,9213.3
1525805273256,9213.2,9213.3
1525805276993,9213.2,9213.3
1525805280904,9213.2,9213.3
1525805284431,9213.9,9214
1525805287890,9214,9214.1
1525805291685,9217.6,9217.7
1525805294222,9217.6,9217.7
1525805300286,9217.6,9217.7
1525805303840,9217.6,9217.7
1525805306342,9217.6,9217.7
1525805310421,9217.6,9217.7
1525805314785,9217.6,9217.7
1525805318290,9217.8,9218.6
1525805388440,9219,9219.1
1525805393892,9219,9219.1
1525805397852,9219,9219.1
1525805399496,9219,9219.1
1525805404085,9219,9219.1
1525805408539,9219,9219.1
1525805412788,9219,9219.1
1525805415699,9219,9219.1
1525805419893,9219,9219.1
1525805422541,9219,9219.1
1525805426618,9219,9219.1
1525805431338,9219,9219.1
1525805433915,9219,9219.1
1525805438051,9219,9219.2
1525805441774,9219.1,9219.2
1525805508754,9221.6,9221.7
1525805513398,9221.6,9221.7
1525805516873,9221.6,9221.7
1525805520925,9221.6,9222
1525805523427,9221.6,9222
1525805529053,9221.9,9222
1525805529053,9221.9,9222
1525805534732,9221.9,9222
1525805537868,9221.9,9222
1525805543721,9221.9,9222
1525805543721,9221.9,9222
1525805549646,9221.9,9222
1525805555268,9221.9,9222
1525805555268,9221.9,9222
1525805561423,9221.9,9222
1525805561423,9221.9,9222
1525805567324,9223.1,9223.2
1525805573310,9223.1,9223.2
1525805573310,9223.1,9223.2
1525805579204,9235.9,9236
1525805585341,9235.9,9236
1525805585341,9235.9,9236
1525805591084,9235.9,9236
1525805596712,9235.9,9236
1525805599905,9235.9,9236
1525805604276,9235.9,9236
1525805608622,9235.9,9236
1525805611700,9235.9,9236
1525805614565,9235.9,9236
1525805614565,9235.9,9236
1525805621827,9235.9,9236
1525805626919,9235.9,9236
1525805630625,9235.9,9236
1525805634442,9235.9,9236
1525805637385,9235.9,9236
1525805639125,9235.9,9236
1525805644779,9235.9,9236
1525805647350,9233,9233.1
1525805651525,9233,9233.1
1525805651525,9233,9233.1
1525805657891,9233,9233.1
1525805663849,9233,9233.1
1525805663849,9233,9233.1
1525805669952,9233,9233.1
1525805675528,9233,9233.1
1525805675528,9233,9233.1
1525805681316,9233,9233.1
1525805687072,9233,9233.1
1525805687072,9233,9233.1
1525805692660,9233,9233.1
1525805698228,9233,9233.1
1525805698228,9233,9233.1
1525805703976,9233,9233.1
1525805709532,9233,9233.1
1525805709532,9233,9233.1
1525805715196,9233,9233.1
1525805721772,9233,9233.1
1525805721772,9233,9233.1
1525805727668,9233,9233.1
1525805727668,9233,9233.1
1525805733560,9233,9233.1
1525805739716,9233,9233.1
1525805739716,9233,9233.1
1525805745716,9233,9233.1
1525805751547,9233,9233.1
1525805752980,9223.5,9223.8
1525805758968,9223.7,9223.8
1525805758968,9223.7,9223.8
1525805764840,9223.7,9223.8
1525805764840,9223.7,9223.8
1525805771000,9223.7,9223.8
1525805777332,9223.7,9223.8
1525805777332,9223.7,9223.8
1525805783497,9223.7,9223.8
1525805783497,9223.7,9223.8
1525805789549,9227.7,9227.8
1525805795210,9227.7,9227.8
1525805795210,9227.7,9227.8
1525805800767,9227.7,9227.8
1525805806543,9227.7,9227.8
1525805806543,9227.7,9227.8
1525805812043,9221,9226
1525805817658,9224.6,9224.7
1525805817658,9224.6,9224.7
1525805823335,9224.6,9224.7
1525805828967,9224.6,9224.7
1525805828967,9224.6,9224.7
1525805834486,9224.6,9224.7
1525805840398,9224.6,9224.7
1525805840398,9224.6,9224.7
1525805846360,9224.6,9224.7
1525805852428,9224.6,9224.7
1525805852428,9224.6,9224.7
1525805858420,9224.6,9224.7
1525805858420,9224.6,9224.7
1525805865077,9224.6,9224.7
1525805869381,9224.6,9224.7
1525805875092,9224.6,9224.7
1525805878835,9223.8,9223.9
1525805881667,9223.8,9223.9
1525805885128,9223.8,9223.9
1525805890202,9223.8,9223.9
1525805893724,9223.8,9223.9
1525805897471,9223.8,9223.9
1525805901208,9223.8,9223.9
1525805904720,9223.8,9223.9
1525805908200,9223.8,9223.9
1525805954201,9217.2,9217.3
1525805973273,9217.2,9217.3
1525805976055,9217.2,9217.3
1525805980245,9217.2,9217.3
1525805983082,9217.2,9217.3
1525805987793,9217.2,9217.3
1525805990793,9217.2,9217.3
1525805994777,9217.2,9217.3
1525805997196,9217.2,9217.3
1525806001234,9217.2,9217.3
1525806005313,9217.2,9217.3
1525806009972,9217.2,9217.3
1525806013428,9217.9,9218
1525806016603,9217.9,9218
1525806021476,9217.9,9218
1525806023729,9217.9,9218
1525806028156,9217.9,9218
1525806032244,9220.2,9220.3
1525806036702,9220.2,9220.3
1525806108020,9220.4,9220.5
1525806112825,9220.4,9220.5
1525806115453,9220.4,9220.5
1525806119140,9220.4,9220.5
1525806123537,9220.4,9220.5
1525806127569,9220.4,9220.5
1525806131133,9220.4,9220.5
1525806135136,9220.4,9220.5
1525806137666,9220.4,9220.5
1525806142797,9220.4,9220.5
1525806145521,9220.2,9220.5
1525806149441,9220.4,9220.5
1525806153643,9220.3,9220.5
1525806156278,9220.2,9220.5
1525806161104,9220.2,9220.4
1525806164485,9220.2,9220.3
1525806232356,9220.2,9220.3
1525806236494,9220.2,9220.3
1525806239606,9220.2,9220.3
1525806243358,9220.4,9220.5
1525806246894,9220.4,9220.5
1525806251176,9220.5,9220.6
1525806254529,9220.5,9220.6
1525806256613,9220.5,9220.6
1525806262123,9220.5,9220.6
1525806265135,9220.5,9220.6
1525806269970,9220.9,9221
1525806273149,9220.9,9221
1525806276918,9220.9,9221
1525806280091,9220.9,9221
1525806284099,9222.4,9222.5
1525806287185,9224.9,9225
1525806292732,9224.9,9225
1525806296404,9226.3,9226.4
1525806365587,9227.9,9228
1525806370743,9227.9,9228
1525806375298,9227.9,9228
1525806377990,9227.9,9228
1525806381933,9227.9,9228
1525806386252,9227.9,9228
1525806389920,9227.9,9228
1525806393391,9227.9,9228
1525806397536,9227.9,9228
1525806401478,9227.9,9228
1525806403769,9227.9,9229.1
1525806472678,9229.4,9229.5
1525806475493,9229.9,9230
1525806479723,9229.9,9230
1525806483589,9229.9,9230
1525806487271,9229.9,9230
1525806491325,9229.9,9230
1525806494998,9229.9,9230
1525806497728,9229.9,9230
1525806502365,9229.9,9230
1525806503589,9229.9,9230
1525806508669,9229.9,9230
1525806513491,9229.9,9230
1525806515955,9229.9,9230
1525806520958,9229.9,9230
1525806524669,9229.9,9230
1525806526360,9229.9,9230
1525806596529,9239.9,9240
1525806600508,9239.9,9240.9
1525806602785,9243,9243.1
1525806607025,9243,9243.1
1525806611820,9243,9243.1
1525806614668,9243,9243.1
1525806618231,9243,9243.1
1525806622052,9243.1,9243.3
1525806625521,9243.6,9244.2
1525806629193,9244.6,9244.7
1525806633473,9244.6,9244.7
1525806637128,9245.2,9245.3
1525806639876,9245.2,9245.3
1525806643489,9245.2,9245.3
1525806648461,9245.2,9245.3
1525806651772,9245.5,9245.7
1525806718690,9246.3,9246.4
1525806723916,9246.3,9246.4
1525806727173,9246.3,9246.4
1525806730441,9246.3,9246.4
1525806733571,9246.3,9246.4
1525806737708,9246.3,9246.4
1525806742024,9246.3,9246.4
1525806744993,9246.3,9246.4
1525806749429,9246.3,9246.4
1525806753071,9246,9246.1
1525806756593,9239.7,9239.8
1525806761133,9237.9,9239.8
1525806763971,9234.6,9234.7
1525806768140,9234.6,9234.7
1525806835529,9234.6,9234.7
1525806838644,9230,9230.1
1525806843248,9230,9230.1
1525806845744,9230,9230.1
1525806850800,9230,9230.1
1525806853649,9230,9230.1
1525806858157,9230,9230.1
1525806863547,9230,9230.1
1525806867289,9230,9230.1
1525806870468,9230,9230.1
1525806874215,9230,9230.1
1525806877961,9230,9230.1
1525806880941,9230,9230.1
1525806949616,9226.6,9226.7
1525806953072,9226.6,9226.7
1525806957695,9226.6,9226.7
1525806961811,9226.6,9226.7
1525806965725,9226.6,9226.7
1525806969300,9226.6,9226.7
1525806972579,9226.6,9226.7
1525806976267,9226.6,9226.7
1525806980288,9226.6,9226.7
1525806984241,9226.6,9226.7
1525806987889,9226.6,9226.7
1525806991432,9226.6,9226.7
1525806995262,9226.6,9226.7
1525806997469,9226.6,9226.7
1525807002656,9226.6,9226.7
1525807070286,9226.6,9226.7
1525807073830,9226.6,9226.7
1525807077320,9226.6,9226.7
1525807081244,9226.6,9226.7
1525807085092,9226.6,9226.7
1525807089400,9224.1,9224.2
1525807092969,9219.9,9220
1525807097028,9219.9,9220
1525807100039,9218.3,9218.4
1525807104767,9218.3,9218.4
1525807108201,9218.3,9218.4
1525807111180,9218,9218.1
1525807115701,9215.8,9215.9
1525807119856,9215.8,9215.9
1525807186423,9214.9,9215
1525807189257,9214.9,9215
1525807193247,9214.9,9215
1525807197023,9214.9,9215
1525807200956,9214.9,9215
1525807205301,9214.9,9215
1525807207855,9214.9,9215
1525807212815,9214.9,9215
1525807216360,9214.9,9215
1525807220114,9214.9,9215
1525807224020,9214.9,9215
1525807225982,9214.9,9215
1525807230554,9214.9,9215
1525807234529,9214.9,9215
1525807238785,9214.9,9215
1525807242649,9214.9,9215
1525807246505,9214.9,9215
1525807316494,9214.9,9215
1525807320368,9214.9,9215
1525807321615,9214.9,9215
1525807327384,9214.9,9215
1525807332147,9214.9,9215
1525807335753,9214.9,9215
1525807338824,9214.9,9215
1525807342924,9215.7,9215.8
1525807346644,9215.7,9215.8
1525807348974,9215.7,9215.8
1525807353561,9219.4,9219.5
1525807357740,9227,9227.2
1525807358972,9227.2,9228.4
1525807431092,9233.9,9234
1525807433690,9235.1,9235.2
1525807437892,9235.1,9235.4
1525807440088,9233.9,9235
1525807444996,9234.9,9235
1525807449883,9234.9,9235
1525807453492,9234.9,9235
1525807458698,9234.9,9235
1525807461710,9233.9,9234
1525807466472,9233.9,9234
1525807469776,9233.9,9234
1525807473513,9233.9,9234
1525807477591,9233.9,9234
1525807481150,9233.9,9234
1525807484100,9233.1,9233.2
1525807554688,9228.5,9228.6
1525807557340,9228.5,9228.6
1525807562118,9228.5,9228.6
1525807565255,9228.5,9228.6
1525807569658,9228.5,9228.6
1525807573015,9228.5,9228.6
1525807576733,9228.5,9228.6
1525807581913,9228.5,9228.6
1525807584702,9228.5,9228.6
1525807588712,9228.5,9228.6
1525807591841,9228.5,9228.6
1525807596228,9228.5,9228.6
1525807664910,9228.5,9228.6
1525807668065,9228.5,9228.6
1525807671153,9228.5,9228.6
1525807674338,9228.5,9228.6
1525807678977,9228.5,9228.6
1525807680838,9228.5,9228.6
1525807686315,9228.5,9228.6
1525807689749,9228.5,9228.6
1525807693540,9228.5,9228.6
1525807697700,9228.5,9228.6
1525807701378,9228.5,9228.6
1525807705729,9228.5,9228.6
1525807708354,9228.5,9228.6
1525807712441,9228.5,9228.6
1525807714494,9228.5,9228.6
1525807780188,9228.5,9228.6
1525807783628,9228.5,9228.6
1525807787173,9228.5,9228.6
1525807790532,9228.5,9228.6
1525807794496,9228.5,9228.6
1525807797930,9228.5,9228.6
1525807801980,9228.5,9228.6
1525807805496,9228.5,9228.6
1525807809300,9228.5,9228.6
1525807812827,9228.5,9228.6
1525807817121,9228.5,9228.6
1525807819104,9228.5,9228.6
1525807822839,9228.5,9228.6
1525807827864,9228.5,9228.6
1525807831698,9228.5,9228.6
1525807901745,9228.5,9228.6
1525807905098,9228.5,9228.6
1525807909769,9228.5,9228.6
1525807912196,9228.5,9228.6
1525807915880,9228.5,9228.6
1525807920960,9228.5,9228.6
1525807924381,9228.5,9228.6
1525807928683,9228.5,9228.6
1525807930759,9228.5,9228.6
1525807935439,9228.5,9228.6
1525807939275,9228.5,9228.6
1525807942379,9228.5,9228.6
1525807946824,9228.5,9228.6
1525807952186,9228.5,9228.6
1525807955757,9231.6,9231.7
1525807959060,9231.6,9231.7
1525808025709,9238.3,9238.4
1525808028564,9238.3,9238.4
1525808032582,9238.3,9238.4
1525808037278,9238.3,9238.4
1525808038532,9238.3,9238.4
1525808042386,9238.3,9238.4
1525808048030,9238.3,9238.4
1525808052854,9238.3,9238.4
1525808055830,9238.3,9238.4
1525808059844,9238.3,9238.4
1525808063669,9238.3,9238.4
1525808067946,9238.3,9238.4
1525808071951,9238.3,9238.4
1525808074554,9238.3,9238.4
1525808079401,9238.3,9238.4
1525808082360,9238.3,9238.4
1525808149433,9228.5,9228.6
1525808153622,9228.5,9228.6
1525808156526,9228.5,9228.6
1525808161125,9228.5,9228.6
1525808164184,9228.5,9228.6
1525808168617,9228.6,9228.7
1525808169960,9228.6,9228.7
1525808174832,9228.6,9228.7
1525808178493,9228.6,9228.7
1525808183165,9228.6,9228.7
1525808186545,9228.6,9228.7
1525808191326,9228.6,9228.7
1525808194960,9228.6,9228.7
1525808198191,9228.6,9228.7
1525808201407,9228.6,9228.7
1525808205865,9228.6,9228.7
1525808208510,9228.6,9228.7
1525808274522,9228.6,9228.7
1525808277650,9228.6,9228.7
1525808282177,9228.6,9228.7
1525808285600,9228.6,9228.7
1525808289394,9228.6,9228.7
1525808292991,9228.6,9228.7
1525808297165,9228.6,9228.7
1525808300605,9228.6,9228.7
1525808304476,9228.6,9228.7
1525808308260,9228.6,9228.7
1525808311598,9228.6,9228.7
1525808314812,9228.6,9228.7
1525808320205,9228.6,9228.7
1525808323065,9228.6,9228.7
1525808328264,9228.6,9228.7
1525808332031,9228.6,9228.7
1525808397901,9228.6,9228.7
1525808402089,9228.6,9228.7
1525808406581,9228.6,9228.7
1525808409410,9228.6,9228.7
1525808413128,9225.8,9225.9
1525808417238,9225.8,9225.9
1525808420245,9225.8,9225.9
1525808424249,9225.8,9225.9
1525808428774,9225.8,9225.9
1525808430324,9225.8,9225.9
1525808435622,9225.8,9225.9
1525808438969,9225.8,9225.9
1525808443114,9225.8,9225.9
1525808511539,9225.8,9225.9
1525808516420,9225.8,9225.9
1525808519096,9225.8,9225.9
1525808522588,9225.8,9225.9
1525808526835,9225.8,9225.9
1525808529473,9225.8,9225.9
1525808533288,9225.8,9225.9
1525808538992,9225.8,9225.9
1525808541530,9225.8,9225.9
1525808545120,9225.8,9225.9
1525808549285,9225.8,9225.9
1525808553071,9225.8,9225.9
1525808557548,9225.8,9225.9
1525808560101,9225.8,9225.9
1525808564560,9225.8,9225.9
1525808568153,9225.8,9225.9
1525808572338,9225.8,9225.9
1525808639153,9225.8,9225.9
1525808642327,9220.6,9223.7
1525808645303,9210.7,9214.5
1525808649941,9210.5,9211.1
1525808654345,9211.2,9211.3
1525808657569,9211.2,9211.3
1525808661801,9211.2,9211.3
1525808664940,9211.2,9211.3
1525808668644,9211.2,9211.3
1525808671949,9211.2,9211.3
1525808675215,9211.1,9211.2
1525808679244,9211.1,9211.2
1525808683033,9211.1,9211.2
1525808687928,9211.1,9211.2
1525808755973,9224.6,9224.7
1525808758366,9224.6,9224.7
1525808762804,9224.6,9224.7
1525808765291,9224.6,9224.7
1525808769481,9224.6,9224.7
1525808774242,9224.6,9224.7
1525808776587,9224.6,9224.7
1525808780157,9224.6,9224.7
1525808784870,9224.6,9224.7
1525808787101,9224.6,9224.7
1525808793450,9224.6,9224.7
1525808796318,9224.6,9224.7
1525808799816,9224.6,9224.7
1525808803481,9224.6,9224.7
1525808806489,9225.7,9225.8
1525808811444,9225.7,9225.8
1525808815056,9225.7,9225.8
1525808885287,9225.7,9225.8
1525808889298,9223.8,9223.9
1525808893599,9223.8,9223.9
1525808896261,9223.8,9223.9
1525808899652,9223.1,9223.9
1525808904662,9223.1,9223.2
1525808908679,9223.1,9223.2
1525808909905,9223.1,9223.2
1525808914428,9223.1,9223.2
1525808918681,9223.1,9223.2
1525808922591,9223.1,9223.2
1525808926024,9221.9,9222
1525808930233,9221.9,9222
1525808998553,9225.8,9225.9
1525809002680,9225.8,9225.9
1525809005924,9225.8,9225.9
1525809010055,9225.8,9225.9
1525809013030,9225.8,9225.9
1525809016178,9225.8,9225.9
1525809021426,9226.9,9227
1525809024118,9226.9,9227
1525809029297,9226.9,9227
1525809032057,9229.8,9229.9
1525809035694,9229.8,9229.9
1525809039468,9230.2,9230.3
1525809043989,9230.2,9230.3
1525809046812,9237.9,9238
1525809115646,9249.9,9250
1525809119778,9249.9,9250
1525809122846,9249.9,9250
1525809127530,9265.7,9265.8
1525809130648,9265.7,9265.8
1525809134290,9265.7,9265.8
1525809137793,9265.7,9265.8
1525809142723,9265.7,9265.8
1525809145475,9265.7,9265.8
1525809149753,9265.7,9265.8
1525809153483,9265.7,9265.8
1525809157128,9265.7,9265.8
1525809161020,9260,9261.1
1525809232839,9249.5,9249.6
1525809236784,9247.6,9247.7
1525809240344,9247.6,9247.7
1525809241654,9247.6,9247.7
1525809248131,9247.6,9247.7
1525809252036,9247.6,9247.7
1525809256746,9247.6,9247.7
1525809256746,9247.6,9247.7
1525809263905,9247.6,9247.7
1525809268247,9247.6,9247.7
1525809272099,9247.6,9247.7
1525809275708,9247.6,9247.7
1525809279362,9247.6,9247.7
1525809283703,9247.6,9247.7
1525809287809,9247.6,9247.7
1525809291003,9247.6,9247.7
1525809295095,9247.6,9247.7
1525809367877,9249.4,9249.5
1525809370806,9249.4,9249.5
1525809374835,9249.4,9249.5
1525809378297,9249.4,9249.5
1525809382865,9249.5,9249.6
1525809385445,9249.5,9249.6
1525809389485,9249.5,9249.6
1525809392800,9249.9,9250
1525809397093,9249.9,9250
1525809400635,9249.9,9250
1525809410306,9249.9,9250
1525809412552,9249.9,9250
1525809415854,9258.8,9258.9
1525809487192,9258.8,9258.9
1525809490765,9258.8,9258.9
1525809495405,9258.8,9258.9
1525809497223,9258.8,9258.9
1525809501941,9258.8,9258.9
1525809505754,9258.8,9258.9
1525809511324,9257.2,9257.3
1525809514908,9257.2,9257.3
1525809517969,9257.2,9257.3
1525809521690,9257.2,9257.3
1525809527068,9257.2,9257.3
1525809529679,9257.2,9257.3
1525809533216,9257.2,9257.3
1525809537046,9257.2,9257.3
1525809604111,9243.6,9244.4
1525809608488,9243.8,9243.9
1525809612733,9239.1,9243.8
1525809616937,9239.2,9241.3
1525809619849,9241.2,9241.3
1525809619849,9241.2,9241.3
1525809628025,9239.1,9239.2
1525809631614,9239.1,9239.2
1525809635721,9239.1,9239.2
1525809639524,9239.1,9239.2
1525809643547,9239.1,9239.2
1525809646924,9239.1,9239.2
1525809648588,9239.1,9239.2
1525809648588,9239.1,9239.2
1525809648588,9239.1,9239.2
1525809648588,9239.1,9239.2
1525809648588,9239.1,9239.2
1525809668757,9239.1,9239.2
1525809673667,9239.1,9239.2
1525809676972,9239.1,9239.2
1525809680876,9239.1,9239.2
1525809683235,9239.1,9239.2
1525809686948,9239.1,9239.2
1525809690461,9239.1,9239.2
1525809695068,9239.1,9239.2
1525809699349,9239.1,9239.2
1525809702652,9239.1,9239.2
1525809705871,9238.8,9238.9
1525809772171,9236.7,9236.8
1525809776481,9235.6,9235.7
1525809780796,9235.6,9235.7
1525809782534,9235.6,9235.7
1525809787693,9235.6,9235.7
1525809790428,9235.6,9235.7
1525809793783,9235.6,9235.7
1525809798450,9235.6,9235.7
1525809802605,9235.6,9235.7
1525809806472,9235.6,9235.7
1525809810160,9235.6,9235.7
1525809811729,9235.6,9235.7
1525809814170,9235.6,9235.7
1525809821092,9235.6,9235.7
1525809824828,9235.6,9235.7
1525809827714,9235.6,9235.7
1525809831288,9235.6,9235.7
1525809834638,9235.6,9235.7
1525809839565,9235.6,9235.7
1525809906103,9235.6,9235.7
1525809909616,9235.6,9235.7
1525809912172,9235.6,9235.7
1525809916396,9235.6,9235.7
1525809920821,9236.6,9237.1
1525809923630,9241.8,9241.9
1525809925686,9241.8,9241.9
1525809936201,9248.5,9248.6
1525809938696,9248.5,9248.6
1525809942250,9248.5,9248.6
1525809946996,9248.6,9248.9
1525809950312,9248.8,9248.9
1525809953672,9248.8,9248.9
1525809957509,9248.8,9248.9
1525809961877,9248.8,9248.9
1525810029042,9248.8,9248.9
1525810031960,9248.8,9248.9
1525810034785,9248.8,9248.9
1525810040116,9248.8,9248.9
1525810043709,9248.8,9248.9
1525810047481,9248.8,9248.9
1525810050348,9248.8,9248.9
1525810054256,9248.8,9248.9
1525810058480,9248.8,9248.9
1525810063776,9248.8,9248.9
1525810067137,9247.1,9247.2
1525810070246,9247.1,9247.2
1525810074944,9247.1,9247.2
1525810146656,9239.8,9239.9
1525810151067,9239.6,9239.7
1525810152633,9239.6,9239.7
1525810158379,9239.6,9239.7
1525810161969,9236.3,9236.4
1525810165066,9236.3,9236.4
1525810169557,9236.3,9236.4
1525810173369,9236.3,9236.4
1525810177152,9236.3,9236.4
1525810180688,9236.3,9236.4
1525810184440,9236.3,9236.4
1525810187428,9236.3,9236.4
1525810190889,9236.3,9236.4
1525810193777,9236.3,9236.4
1525810265290,9236.3,9236.4
1525810267997,9236.3,9236.4
1525810272635,9236.3,9236.4
1525810276640,9236.3,9236.4
1525810276640,9236.3,9236.4
1525810283745,9236.3,9236.4
1525810285371,9236.3,9236.4
1525810291100,9236.3,9236.4
1525810294892,9236.3,9236.4
1525810297426,9236.3,9236.4
1525810302461,9231,9231.1
1525810306814,9228.7,9228.8
1525810310780,9228.7,9228.8
1525810314646,9228.7,9228.8
1525810381116,9233.8,9233.9
1525810385325,9233.9,9234
1525810388357,9233.9,9234
1525810393329,9233.9,9234
1525810395128,9233.9,9234
1525810397461,9233.9,9234
1525810403405,9233.9,9234
1525810408402,9233.9,9234
1525810411252,9233.9,9234
1525810416828,9233.9,9234
1525810420556,9233.9,9234
1525810424319,9233.9,9234
1525810427566,9233.9,9234
1525810431538,9233.9,9234
1525810435397,9236.2,9236.3
1525810502189,9238.6,9238.7
1525810502189,9238.6,9238.7
1525810511889,9238.6,9238.7
1525810513297,9238.6,9238.7
1525810519204,9238.6,9238.7
1525810522000,9238.6,9238.7
1525810524796,9238.6,9238.7
1525810528711,9238.6,9238.7
1525810533334,9238.6,9238.7
1525810537647,9238.6,9238.7
1525810541677,9238.6,9238.7
1525810544813,9238.6,9238.7
1525810547921,9238.6,9238.7
1525810552346,9238.6,9238.7
1525810554924,9238.6,9238.7
1525810557949,9238.6,9238.7
1525810627637,9238.6,9238.7
1525810631702,9238.6,9238.7
1525810634560,9238.6,9238.7
1525810638270,9238.6,9238.7
1525810642081,9238.6,9238.7
1525810646238,9238.6,9238.7
1525810650252,9238.6,9238.7
1525810653076,9238.6,9238.7
1525810658037,9238.6,9238.7
1525810661216,9238.6,9238.7
1525810664672,9238.6,9238.7
1525810669267,9238.6,9238.7
1525810736739,9229.6,9229.7
1525810741981,9229.6,9229.7
1525810745241,9229.6,9229.7
1525810749442,9229.6,9229.7
1525810749442,9229.6,9229.7
1525810756971,9229.6,9229.7
1525810760480,9229.6,9229.7
1525810763976,9229.6,9229.7
1525810768299,9229.6,9229.7
1525810771172,9229.6,9229.7
1525810775184,9229.6,9229.7
1525810778093,9229.6,9229.7
1525810782552,9229.6,9229.7
1525810786012,9229.6,9229.7
1525810788913,9229.6,9229.7
1525810857022,9229.6,9229.7
1525810860910,9229.6,9229.7
1525810864350,9229.6,9229.7
1525810869372,9229.6,9229.7
1525810873128,9229.6,9229.7
1525810875672,9229.6,9229.7
1525810880187,9229.6,9229.7
1525810882053,9229.6,9229.7
1525810887885,9229.6,9229.7
1525810891174,9229.6,9229.7
1525810895389,9229.6,9229.7
1525810898341,9229.6,9229.7
1525810901408,9229.6,9229.7
1525810906409,9229.6,9229.7
1525810910025,9229.6,9229.7
1525810975828,9231.1,9231.2
1525810979357,9231.1,9231.2
1525810985208,9231.1,9231.2
1525810988200,9231.1,9231.2
1525810991719,9231.1,9231.2
1525810995682,9231.1,9231.2
1525810999663,9231.1,9231.2
1525811003701,9231.1,9231.2
1525811007795,9231.1,9231.2
1525811010237,9231.1,9231.2
1525811014512,9231.1,9231.2
1525811018012,9231.1,9231.2
1525811020862,9231.1,9231.2
1525811025775,9231.1,9231.2
1525811036146,9231.1,9231.2
1525811095143,9231.1,9231.2
1525811097291,9231.1,9231.2
1525811101795,9231.1,9231.2
1525811105596,9229.6,9229.7
1525811109953,9229.6,9229.7
1525811113464,9229.6,9229.7
1525811117526,9229.6,9229.7
1525811120408,9229.6,9229.7
1525811124461,9229.6,9229.7
1525811127519,9229.6,9229.7
1525811132564,9229.6,9229.7
1525811137150,9229.6,9229.7
1525811140276,9229.6,9229.7
1525811144392,9229.6,9229.7
1525811212784,9225.6,9225.7
1525811216646,9225.6,9225.7
1525811220972,9225.6,9225.7
1525811220972,9225.6,9225.7
1525811227689,9225.6,9225.7
1525811231769,9225.6,9225.7
1525811235136,9225.6,9225.7
1525811239046,9225.6,9225.7
1525811243773,9225.6,9225.7
1525811245403,9225.6,9225.7
1525811245403,9225.6,9225.7
1525811251576,9225.6,9225.7
1525811257196,9225.6,9225.7
1525811257196,9225.6,9225.7
1525811262844,9225.6,9225.7
1525811268452,9225.6,9225.7
1525811268452,9225.6,9225.7
1525811274722,9225.6,9225.7
1525811280703,9225.6,9225.7
1525811280703,9225.6,9225.7
1525811286622,9225.6,9225.7
1525811292732,9225.6,9225.7
1525811292732,9225.6,9225.7
1525811298724,9225.6,9225.7
1525811298724,9225.6,9225.7
1525811304567,9225.6,9225.7
1525811310506,9225.6,9225.7
1525811310506,9225.6,9225.7
1525811316535,9225.6,9225.7
1525811322256,9225.6,9225.7
1525811322256,9225.6,9225.7
1525811328421,9225.6,9225.7
1525811328421,9225.6,9225.7
1525811335420,9225.6,9225.7
1525811341133,9225.6,9225.7
1525811341133,9225.6,9225.7
1525811346858,9225.6,9225.7
1525811351717,9224.6,9224.7
1525811355906,9224.6,9224.7
1525811355906,9224.6,9224.7
1525811363341,9224,9224.1
1525811366976,9223.1,9223.2
1525811369725,9223.1,9223.2
1525811373494,9223.1,9223.2
1525811379309,9223.1,9223.2
1525811383588,9223.1,9223.2
1525811384771,9223.1,9223.2
1525811390071,9223.1,9223.2
1525811394813,9223.1,9223.2
1525811397897,9223.1,9223.2
1525811400900,9223.1,9223.2
1525811405593,9223,9223.2
1525811474896,9211.5,9211.6
1525811478088,9207.4,9209
1525811481236,9207.4,9207.5
1525811485580,9207.4,9207.5
1525811488156,9207.4,9207.5
1525811492122,9207.4,9207.5
1525811497129,9207.4,9207.5
1525811498540,9207.4,9207.5
1525811504329,9207.9,9208
1525811507018,9207.9,9208
1525811511833,9208,9209.3
1525811513462,9208,9209.3
1525811519490,9209.2,9209.3
1525811523155,9209.2,9209.3
1525811523155,9209.2,9209.3
1525811528880,9209.2,9209.3
1525811528880,9209.2,9209.3
1525811535000,9209.2,9209.3
1525811540777,9213.8,9213.9
1525811540777,9213.8,9213.9
1525811547048,9218.7,9218.8
1525811547048,9218.7,9218.8
1525811556686,9221.5,9221.6
1525811559923,9222.2,9222.7
1525811564438,9222.6,9222.7
1525811568980,9222.6,9222.7
1525811572092,9225.6,9225.7
1525811575593,9225.6,9225.7
1525811579550,9225.6,9225.7
1525811583807,9225.6,9225.7
1525811586941,9225.6,9225.7
1525811590438,9225.6,9225.7
1525811594506,9225.6,9225.7
1525811597895,9225.6,9225.7
1525811602798,9225.6,9225.7
1525811605964,9226.4,9226.5
1525811609416,9226.4,9226.5
1525811613945,9226.4,9226.5
1525811616794,9226.4,9226.5
1525811687280,9218.5,9218.6
1525811691714,9218.5,9218.6
1525811694837,9218.5,9218.6
1525811698887,9218.5,9218.6
1525811701624,9218.5,9218.6
1525811706634,9218.5,9218.6
1525811710527,9218.5,9218.6
1525811714448,9218.5,9218.6
1525811717305,9218.5,9218.6
1525811722581,9218.5,9218.6
1525811725160,9218.5,9218.6
1525811729779,9218.5,9218.6
1525811733572,9216.4,9216.5
1525811737089,9216.4,9216.5
1525811738575,9216.4,9216.5
1525811743803,9216.4,9216.5
1525811811422,9213.6,9213.7
1525811814395,9212.2,9213.7
1525811819497,9212.2,9212.3
1525811822309,9212.2,9212.3
1525811826601,9212.2,9212.3
1525811830222,9212.2,9212.3
1525811834309,9212.2,9212.3
1525811837343,9212.2,9212.3
1525811841206,9212.2,9212.3
1525811845814,9212.2,9212.3
1525811849000,9212.2,9212.3
1525811852609,9212.2,9212.3
1525811856392,9212.2,9212.3
1525811856392,9212.2,9212.3
1525811927370,9209.1,9209.2
1525811931056,9209.1,9209.2
1525811933516,9209.1,9209.2
1525811937444,9209.1,9209.2
1525811942013,9209.1,9209.2
1525811945262,9209.2,9209.4
1525811949080,9209.3,9209.4
1525811952473,9209.3,9209.4
1525811956364,9209.3,9209.4
1525811958461,9209.3,9209.4
1525811964748,9209.3,9209.4
1525811968679,9209.3,9209.4
1525811972118,9209.3,9209.4
1525811975629,9209.3,9209.4
1525811979717,9209.3,9209.4
1525812046216,9222.9,9223
1525812050533,9223.1,9223.2
1525812052778,9223.1,9223.2
1525812057782,9223.1,9223.2
1525812060199,9223.1,9223.2
1525812063682,9223.1,9223.2
1525812068309,9223.1,9223.2
1525812073113,9223.1,9223.2
1525812073113,9223.1,9223.2
1525812078924,9223.1,9223.2
1525812078924,9223.1,9223.2
1525812084600,9223.1,9223.2
1525812090095,9224.2,9224.3
1525812095977,9224.2,9224.3
1525812095977,9224.2,9224.3
1525812101640,9224.2,9224.3
1525812106902,9224.2,9224.3
1525812110581,9224.2,9224.3
1525812114745,9228.7,9228.8
1525812117693,9228.7,9228.8
1525812121651,9228.7,9228.8
1525812124580,9228.7,9228.8
1525812130769,9228.7,9228.8
1525812134081,9228.7,9228.8
1525812202329,9228.7,9228.8
1525812206909,9223.6,9223.7
1525812211316,9222.9,9223
1525812214957,9222.9,9223
1525812219035,9222.9,9223
1525812222550,9222.9,9223
1525812226847,9222.9,9223
1525812229800,9222.9,9223
1525812233309,9222.9,9223
1525812238088,9222.9,9223
1525812240659,9222.9,9223
1525812245253,9222.9,9223
