time,bid,ask
1525783064648,9084.99,9085.00
1525783071178,9079.16,9086.00
1525783074993,9079.17,9086.00
1525783079926,9077.78,9085.00
1525783084096,9077.78,9085.00
1525783087694,9077.76,9086.00
1525783091343,9077.76,9086.00
1525783095517,9077.76,9086.00
1525783098300,9077.76,9086.00
1525783102322,9077.36,9085.74
1525783106160,9085.15,9086.00
1525783109250,9085.15,9086.00
1525783109250,9085.15,9086.00
1525783119055,9085.15,9086.00
1525783123102,9085.16,9086.00
1525783125973,9087.29,9090.00
1525783130446,9087.29,9090.00
1525783134687,9087.30,9090.00
1525783137933,9087.30,9090.00
1525783141642,9087.30,9090.00
1525783145273,9087.29,9089.99
1525783148407,9087.29,9089.99
1525783153530,9089.28,9090.00
1525783157070,9089.29,9089.99
1525783161570,9089.29,9089.99
1525783164144,9089.29,9089.99
1525783171443,9092.18,9095.99
1525783177341,9092.19,9095.99
1525783181423,9092.19,9098.00
1525783184014,9092.19,9098.00
1525783188862,9094.39,9098.00
1525783193907,9094.40,9098.00
1525783196631,9094.40,9098.00
1525783200009,9095.81,9098.00
1525783200009,9095.81,9098.00
1525783209401,9095.82,9098.00
1525783213331,9095.82,9098.00
1525783216927,9095.82,9098.00
1525783220985,9095.82,9098.00
1525783224994,9098.01,9105.20
1525783229229,9098.01,9105.20
1525783232766,9102.60,9105.20
1525783237244,9102.60,9105.20
1525783242035,9102.60,9105.20
1525783245654,9102.60,9109.99
1525783250028,9105.78,9110.60
1525783254476,9105.79,9108.14
1525783262182,9101.58,9111.32
1525783267870,9108.13,9112.92
1525783269458,9108.13,9112.92
1525783276270,9108.13,9114.84
1525783279846,9108.13,9114.84
1525783285146,9108.13,9114.84
1525783288122,9092.74,9111.59
1525783288122,9092.74,9111.59
1525783295921,9093.38,9102.36
1525783300385,9093.35,9107.59
1525783304330,9093.35,9107.59
1525783307079,9093.36,9107.59
1525783307079,9093.36,9107.59
1525783314230,9096.26,9107.59
1525783318372,9093.38,9105.71
1525783322631,9093.38,9105.59
1525783326592,9093.38,9105.59
1525783329783,9093.38,9105.59
1525783334953,9093.69,9105.56
1525783339702,9090.24,9105.57
1525783342618,9091.89,9104.68
1525783345478,9093.69,9105.56
1525783351238,9101.21,9105.57
1525783354425,9101.21,9105.57
1525783357560,9101.21,9105.57
1525783362304,9101.30,9105.57
1525783365190,9101.30,9105.57
1525783369038,9101.39,9105.57
1525783372239,9101.39,9105.57
1525783372239,9101.39,9105.57
1525783379736,9100.40,9105.58
1525783382820,9086.90,9105.58
1525783386383,9091.21,9104.02
1525783391022,9091.21,9104.02
1525783393953,9086.91,9105.58
1525783397665,9087.00,9100.37
1525783402792,9089.74,9098.62
1525783406262,9089.74,9098.62
1525783410626,9089.00,9098.62
1525783413803,9086.40,9098.61
1525783417671,9087.50,9098.61
1525783421599,9087.50,9098.61
1525783424378,9088.97,9101.65
1525783428675,9100.00,9104.01
1525783432089,9100.00,9104.01
1525783436251,9100.00,9104.01
1525783437839,9100.00,9104.01
1525783441837,9100.00,9104.01
1525783445087,9100.00,9104.01
1525783449634,9100.00,9104.01
1525783454152,9100.00,9104.01
1525783458878,9100.00,9104.01
1525783466310,9100.00,9104.01
1525783470105,9100.00,9104.01
1525783474138,9100.00,9104.96
1525783478097,9100.00,9104.96
1525783483297,9110.00,9114.37
1525783486145,9110.00,9114.37
1525783489992,9110.00,9111.15
1525783494166,9101.00,9104.79
1525783496730,9101.00,9104.79
1525783501179,9101.00,9102.84
1525783505287,9101.00,9102.84
1525783509725,9101.00,9102.83
1525783513419,9101.00,9102.83
1525783515506,9101.00,9102.84
1525783519811,9101.00,9102.84
1525783523276,9101.00,9102.84
1525783528005,9101.00,9102.83
1525783528005,9101.00,9102.83
1525783534960,9101.00,9102.84
1525783538838,9101.00,9102.84
1525783542742,9101.00,9102.84
1525783545158,9101.00,9102.84
1525783549461,9101.00,9102.84
1525783554289,9101.00,9102.83
1525783556925,9101.00,9102.83
1525783561346,9100.01,9100.81
1525783565275,9100.01,9100.81
1525783569290,9100.05,9109.99
1525783572095,9100.05,9109.99
1525783575761,9100.05,9109.99
1525783580298,9100.05,9109.99
1525783584056,9100.05,9108.50
1525783586448,9100.05,9108.50
1525783590539,9100.05,9108.50
1525783594378,9100.05,9108.50
1525783598151,9100.05,9108.21
1525783602517,9100.05,9107.96
1525783604994,9100.05,9107.96
1525783609717,9108.00,9110.00
1525783613904,9108.00,9110.00
1525783617265,9105.59,9113.23
1525783620422,9100.13,9113.19
1525783625194,9101.73,9113.14
1525783627838,9108.53,9113.14
1525783632279,9100.07,9113.14
1525783636808,9100.07,9113.14
1525783640680,9108.53,9113.13
1525783644154,9104.65,9113.14
1525783647451,9104.67,9108.98
1525783652511,9104.67,9108.98
1525783655042,9104.67,9108.98
1525783659699,9104.04,9110.61
1525783663167,9108.98,9110.61
1525783666104,9108.98,9110.61
1525783670466,9108.98,9115.99
1525783673962,9108.98,9112.09
1525783677743,9108.98,9112.09
1525783681290,9108.98,9112.09
1525783681290,9108.98,9112.09
1525783691410,9108.98,9112.09
1525783694314,9108.98,9112.09
1525783698676,9108.98,9112.09
1525783701534,9108.98,9112.09
1525783706173,9108.98,9112.09
1525783709333,9108.98,9112.09
1525783712575,9108.98,9112.09
1525783716171,9108.98,9112.09
1525783720255,9102.93,9112.09
1525783723954,9103.04,9112.09
1525783728762,9103.56,9115.26
1525783731429,9103.56,9115.26
1525783735430,9103.07,9121.56
1525783738231,9105.24,9111.89
1525783743961,9105.25,9111.89
1525783746708,9105.25,9111.89
1525783750830,9105.25,9111.89
1525783754185,9113.17,9118.55
1525783758541,9121.58,9121.99
1525783761616,9121.58,9121.99
1525783765491,9113.18,9122.87
1525783769048,9113.17,9120.39
1525783773485,9113.17,9121.56
1525783777351,9113.17,9121.56
1525783781534,9113.19,9121.58
1525783785502,9113.20,9121.58
1525783789396,9121.58,9127.76
1525783793243,9128.68,9131.49
1525783796722,9128.68,9131.49
1525783800849,9128.68,9131.49
1525783803102,9132.64,9135.99
1525783806611,9132.64,9135.99
1525783810594,9127.76,9129.09
1525783815158,9127.76,9132.64
1525783817890,9127.81,9137.99
1525783821121,9127.81,9137.99
1525783826218,9136.00,9140.69
1525783828917,9136.00,9140.69
1525783833683,9131.55,9140.69
1525783836805,9131.55,9140.69
1525783840241,9131.55,9132.19
1525783844419,9131.55,9132.20
1525783847888,9131.55,9132.20
1525783851464,9131.55,9132.20
1525783855718,9127.76,9133.42
1525783859778,9127.76,9133.42
1525783861064,9127.76,9133.42
1525783866360,9124.83,9129.26
1525783870650,9129.29,9137.99
1525783873389,9129.29,9137.99
1525783878045,9129.26,9129.29
1525783882728,9129.75,9134.78
1525783886956,9129.75,9134.78
1525783890009,9129.75,9132.52
1525783893814,9129.75,9132.52
1525783896603,9129.75,9132.51
1525783899370,9129.75,9132.51
1525783903281,9129.75,9132.51
1525783908482,9129.75,9132.52
1525783912541,9127.77,9129.75
1525783916242,9127.77,9129.75
1525783919944,9127.77,9129.75
1525783921444,9122.36,9127.13
1525783927149,9113.64,9117.98
1525783930946,9117.98,9122.36
1525783935203,9117.98,9122.36
1525783938571,9106.70,9114.70
1525783942737,9106.70,9114.70
1525783946847,9105.53,9114.68
1525783948234,9105.53,9114.68
1525783954611,9105.53,9114.68
1525783957206,9105.53,9114.60
1525783961405,9105.53,9114.60
1525783965662,9106.48,9114.49
1525783968290,9108.10,9114.66
1525783972318,9108.10,9114.66
1525783976446,9108.10,9114.48
1525783979336,9110.36,9114.70
1525783982364,9108.51,9114.70
1525783986498,9108.51,9114.70
1525783990755,9108.51,9114.70
1525783995565,9114.66,9117.98
1525783998937,9114.66,9117.98
1525784003401,9114.91,9117.98
1525784006192,9114.91,9117.98
1525784010160,9114.91,9117.97
1525784012962,9114.91,9117.97
1525784017959,9114.91,9120.00
1525784021467,9114.91,9120.00
1525784025864,9114.91,9120.00
1525784030198,9114.92,9122.36
1525784032958,9114.92,9122.36
1525784037557,9114.92,9122.36
1525784040469,9121.34,9127.90
1525784041696,9121.34,9127.90
1525784048251,9121.34,9127.90
1525784052250,9121.34,9127.90
1525784056040,9121.35,9127.90
1525784058851,9121.35,9127.90
1525784062609,9121.35,9127.90
1525784066784,9121.35,9127.90
1525784070406,9121.35,9127.90
1525784074517,9124.04,9127.90
1525784078293,9124.04,9127.90
1525784081539,9124.05,9127.90
1525784085267,9124.05,9127.90
1525784089471,9124.05,9127.90
1525784093406,9124.05,9127.90
1525784098810,9124.09,9127.90
1525784100379,9127.90,9129.75
1525784105315,9127.90,9129.75
1525784109109,9127.90,9129.75
1525784113296,9128.42,9129.75
1525784117472,9129.75,9136.99
1525784120843,9129.75,9136.99
1525784124456,9127.90,9136.99
1525784128114,9127.90,9136.99
1525784131448,9127.90,9136.99
1525784134750,9127.90,9136.99
1525784138429,9127.90,9137.14
1525784142157,9128.05,9137.14
1525784142157,9128.05,9137.14
1525784149841,9137.14,9137.15
1525784153961,9127.90,9137.15
1525784156362,9127.91,9137.14
1525784160586,9127.91,9137.14
1525784165007,9127.91,9137.14
1525784168193,9127.91,9137.15
1525784173153,9127.91,9137.15
1525784174511,9127.91,9137.15
1525784181902,9128.01,9137.15
1525784187848,9128.01,9137.15
1525784192493,9128.01,9137.15
1525784196549,9128.01,9137.15
1525784199662,9128.01,9137.15
1525784204032,9128.01,9137.15
1525784207407,9128.01,9137.15
1525784210834,9128.01,9137.15
1525784214442,9128.01,9137.15
1525784218934,9128.01,9137.99
1525784222490,9128.01,9137.99
1525784225500,9128.01,9137.99
1525784229243,9128.01,9137.99
1525784232002,9128.74,9138.00
1525784236830,9128.74,9138.00
1525784239722,9128.74,9138.00
1525784243702,9128.75,9137.99
1525784246446,9127.91,9137.13
1525784250435,9127.91,9137.13
1525784254963,9127.91,9137.13
1525784257862,9124.01,9133.41
1525784261645,9124.01,9133.36
1525784265955,9124.01,9133.36
1525784270057,9124.01,9133.37
1525784273477,9123.12,9133.11
1525784276684,9123.12,9128.80
1525784281877,9123.71,9125.93
1525784285114,9123.71,9125.93
1525784289146,9123.12,9128.30
1525784293034,9123.13,9125.60
1525784295734,9123.13,9125.60
1525784300343,9123.12,9128.28
1525784304195,9128.20,9131.08
1525784308398,9128.20,9131.08
1525784312425,9128.20,9131.08
1525784316026,9120.10,9132.66
1525784319044,9120.10,9132.12
1525784323065,9120.10,9132.12
1525784326937,9114.70,9132.12
1525784331354,9114.70,9132.12
1525784335115,9128.28,9132.00
1525784337702,9128.28,9132.00
1525784342663,9114.80,9128.10
1525784345670,9117.80,9129.68
1525784348821,9117.80,9129.68
1525784352906,9117.81,9129.49
1525784356681,9117.81,9123.12
1525784359519,9117.81,9123.12
1525784365498,9116.87,9126.80
1525784367973,9116.87,9126.80
1525784372338,9118.38,9125.28
1525784375869,9118.38,9126.14
1525784378943,9118.38,9126.14
1525784383748,9118.38,9128.18
1525784386650,9116.10,9125.89
1525784391028,9116.10,9125.70
1525784395149,9118.56,9126.29
1525784398985,9118.56,9126.29
1525784400430,9118.56,9126.34
1525784405415,9118.56,9126.99
1525784409409,9118.56,9126.99
1525784413700,9118.56,9126.99
1525784417234,9120.00,9126.86
1525784421530,9120.00,9124.74
1525784425690,9120.00,9125.95
1525784428868,9120.00,9125.95
1525784432002,9113.16,9125.16
1525784436274,9113.16,9125.16
1525784440425,9118.77,9125.11
1525784444235,9118.77,9125.11
1525784448439,9118.77,9122.29
1525784450247,9118.77,9122.29
1525784455438,9110.61,9119.27
1525784458542,9110.61,9119.27
1525784463467,9117.77,9119.27
1525784467087,9117.77,9122.77
1525784469819,9109.33,9117.76
1525784474253,9109.33,9117.76
1525784477375,9110.41,9117.76
1525784481236,9109.33,9117.76
1525784485123,9109.33,9116.60
1525784488243,9109.33,9116.60
1525784492321,9109.33,9116.59
1525784496810,9108.39,9116.99
1525784500017,9108.39,9116.99
1525784504001,9108.39,9116.99
1525784507722,9108.85,9117.77
1525784510350,9108.85,9117.77
1525784514790,9109.23,9117.77
1525784518238,9110.00,9117.76
1525784521677,9109.82,9117.77
1525784525318,9109.82,9117.77
1525784529323,9110.54,9117.77
1525784533795,9110.54,9117.77
1525784538049,9115.30,9122.99
1525784541354,9115.30,9122.99
1525784544317,9115.30,9122.99
1525784548769,9115.30,9122.99
1525784552169,9114.77,9124.94
1525784556190,9114.77,9124.94
1525784559775,9114.77,9124.94
1525784563682,9114.77,9124.94
1525784575878,9114.81,9123.41
1525784579293,9120.64,9124.32
1525784584799,9114.76,9123.41
1525784599326,9118.25,9124.99
1525784602149,9118.24,9124.99
1525784606838,9118.27,9128.44
1525784610350,9118.27,9128.44
1525784613680,9118.29,9128.44
1525784618784,9119.24,9128.44
1525784621606,9119.24,9128.44
1525784625423,9119.23,9128.44
1525784628631,9119.25,9128.44
1525784633130,9119.25,9128.44
1525784637234,9119.39,9128.44
1525784640118,9119.24,9127.81
1525784640118,9119.24,9127.81
1525784648406,9119.24,9128.36
1525784653062,9119.24,9128.36
1525784656401,9119.24,9128.49
1525784660200,9119.24,9128.49
1525784664404,9119.24,9128.49
1525784667494,9119.24,9128.31
1525784671311,9119.27,9128.98
1525784674077,9119.27,9128.98
1525784678618,9119.27,9128.98
1525784681559,9119.27,9128.98
1525784686212,9119.28,9128.99
1525784689583,9119.28,9128.99
1525784694256,9119.28,9128.99
1525784697746,9119.28,9128.99
1525784700952,9119.28,9128.99
1525784705547,9119.28,9130.49
1525784710233,9122.13,9130.99
1525784713992,9122.91,9136.74
1525784717414,9133.69,9136.74
1525784722666,9130.49,9135.12
1525784726372,9130.49,9135.12
1525784729487,9136.89,9137.99
1525784733708,9136.89,9137.99
1525784736304,9140.78,9142.29
1525784740725,9140.78,9142.29
1525784744189,9140.78,9142.29
1525784747607,9140.79,9142.32
1525784752848,9140.78,9140.79
1525784756635,9135.00,9142.33
1525784758133,9135.00,9142.33
1525784767551,9135.01,9142.33
1525784771288,9135.00,9142.33
1525784775111,9135.03,9142.33
1525784779221,9135.06,9142.33
1525784782923,9135.06,9142.33
1525784786614,9135.06,9142.33
1525784790373,9135.07,9142.33
1525784793971,9135.07,9142.33
1525784797677,9135.07,9142.33
1525784801627,9137.33,9142.33
1525784805109,9137.33,9142.99
1525784806583,9137.33,9142.99
1525784813049,9142.99,9147.99
1525784816667,9142.99,9147.99
1525784821111,9152.24,9153.99
1525784823470,9152.24,9153.99
1525784825338,9152.24,9153.99
1525784825338,9152.24,9153.99
1525784825338,9152.24,9153.99
1525784825338,9152.24,9153.99
1525784872400,9145.71,9153.70
1525784875538,9145.71,9153.70
1525784880132,9146.13,9155.99
1525784883266,9146.13,9155.99
1525784885900,9146.13,9155.99
1525784892223,9148.03,9155.99
1525784895862,9148.03,9155.99
1525784899647,9146.48,9155.99
1525784903652,9148.03,9155.99
1525784907110,9148.03,9155.99
1525784910354,9148.03,9155.99
1525784915195,9150.00,9155.97
1525784917570,9150.01,9155.99
1525784921705,9150.01,9155.99
1525784928565,9150.01,9155.99
1525784932052,9145.70,9150.01
1525784935625,9145.70,9150.01
1525784939664,9147.91,9150.00
1525784943782,9145.70,9150.01
1525784947473,9149.87,9150.01
1525784951482,9149.87,9150.01
1525784954753,9149.87,9150.01
1525784957357,9149.87,9150.01
1525784963358,9149.87,9150.01
1525784965977,9149.87,9150.01
1525784970514,9142.77,9147.86
1525784974468,9142.38,9149.86
1525784977722,9143.86,9149.00
1525784980746,9143.86,9149.00
1525784985683,9143.86,9149.87
1525784989309,9142.44,9149.00
1525784993481,9142.48,9149.00
1525784997609,9142.48,9149.00
1525785002024,9142.62,9149.00
1525785005274,9142.62,9149.00
1525785008611,9142.72,9149.00
1525785013975,9142.38,9149.00
1525785016854,9142.49,9149.00
1525785020434,9142.49,9149.00
1525785024127,9142.39,9149.00
1525785026601,9142.38,9149.00
1525785032803,9142.41,9149.00
1525785035715,9142.41,9149.00
1525785040093,9142.92,9148.99
1525785044265,9142.38,9148.99
1525785045829,9142.38,9148.99
1525785053803,9142.39,9152.99
1525785056049,9142.39,9152.99
1525785061343,9142.42,9151.32
1525785063680,9142.42,9151.32
1525785068147,9142.42,9151.44
1525785073281,9142.42,9149.03
1525785074663,9142.42,9149.03
1525785079906,9142.42,9151.13
1525785084704,9142.42,9151.13
1525785088611,9142.42,9150.28
1525785092456,9151.44,9151.45
1525785095512,9151.44,9151.45
1525785098794,9145.96,9151.45
1525785103662,9145.96,9151.45
1525785107331,9147.94,9151.45
1525785110904,9147.94,9151.45
1525785114755,9147.95,9151.45
1525785118210,9147.95,9151.45
1525785120712,9147.95,9151.45
1525785125447,9147.95,9151.45
1525785129503,9147.94,9151.45
1525785132144,9147.94,9151.45
1525785135846,9147.94,9151.45
1525785139855,9147.94,9151.44
1525785143984,9147.94,9151.45
1525785147511,9146.77,9151.45
1525785149952,9146.77,9151.45
1525785155443,9148.53,9151.45
1525785159250,9148.53,9151.45
1525785162035,9148.53,9151.45
1525785165531,9150.28,9151.45
1525785170850,9148.54,9151.45
1525785172198,9148.54,9151.45
1525785176247,9151.98,9155.99
1525785181401,9152.10,9156.78
1525785184973,9156.75,9159.99
1525785189618,9156.76,9160.48
1525785192851,9156.76,9160.48
1525785196529,9156.76,9160.48
1525785199146,9158.60,9160.48
1525785203924,9160.78,9165.19
1525785208125,9162.40,9165.19
1525785211646,9162.40,9165.19
1525785215451,9162.40,9165.19
1525785218091,9162.41,9165.19
1525785240853,9153.43,9161.88
1525785246374,9155.19,9160.90
1525785246374,9155.19,9160.90
1525785254714,9155.20,9161.31
1525785259031,9155.20,9161.31
1525785263013,9155.19,9161.30
1525785267402,9155.19,9161.30
1525785271148,9155.64,9163.12
1525785274810,9155.64,9157.41
1525785277599,9155.64,9157.41
1525785281837,9155.65,9156.78
1525785285086,9155.65,9156.78
1525785289107,9155.65,9156.78
1525785292751,9150.28,9150.29
1525785296419,9150.28,9150.29
1525785299516,9150.28,9150.29
1525785302632,9150.28,9150.29
1525785306989,9150.28,9150.29
1525785311386,9151.62,9153.05
1525785314873,9151.44,9155.99
1525785319342,9151.44,9155.99
1525785322666,9151.44,9155.99
1525785326058,9151.44,9155.99
1525785328145,9151.44,9155.99
1525785333337,9150.28,9154.93
1525785336799,9150.28,9154.00
1525785340361,9143.79,9153.23
1525785345050,9143.33,9153.05
1525785348773,9143.33,9153.05
1525785352522,9142.61,9150.00
1525785356290,9142.61,9150.50
1525785358951,9142.61,9150.50
1525785361912,9146.23,9150.00
1525785367609,9146.23,9150.00
1525785369916,9146.23,9150.00
1525785373735,9146.22,9150.00
1525785379996,9148.37,9149.99
1525785383766,9146.22,9150.00
1525785386463,9148.37,9149.99
1525785391104,9148.42,9149.99
1525785394564,9148.42,9149.99
1525785397912,9148.37,9150.00
1525785401603,9148.37,9150.00
1525785405629,9148.37,9150.00
1525785408850,9148.37,9150.00
1525785412129,9148.38,9150.00
1525785417344,9148.38,9150.00
1525785420323,9148.38,9150.00
1525785424577,9148.38,9150.00
1525785427839,9148.38,9150.00
1525785431144,9142.40,9148.34
1525785437086,9142.40,9148.36
1525785441307,9142.40,9148.32
1525785447443,9142.40,9148.35
1525785454081,9142.40,9148.35
1525785457426,9143.00,9144.88
1525785462753,9143.01,9146.49
1525785468162,9143.01,9146.49
1525785472927,9140.00,9146.39
1525785475793,9140.00,9146.39
1525785480148,9143.00,9146.38
1525785481384,9143.00,9146.40
1525785488738,9140.00,9146.39
1525785492442,9140.00,9146.39
1525785496439,9140.01,9146.38
1525785501039,9140.01,9146.38
1525785504943,9140.01,9146.38
1525785508828,9140.00,9146.37
1525785512506,9140.00,9146.37
1525785515857,9140.00,9146.37
1525785521219,9141.00,9146.36
1525785528377,9141.01,9146.35
1525785532149,9141.01,9146.99
1525785534340,9141.01,9146.99
1525785540138,9141.01,9146.53
1525785542210,9141.01,9146.99
1525785547737,9141.01,9146.99
1525785551608,9141.01,9146.99
1525785555020,9141.01,9146.99
1525785561759,9141.02,9148.99
1525785566192,9146.38,9150.00
1525785569867,9150.00,9151.49
1525785572817,9150.00,9151.49
1525785578157,9150.00,9151.49
1525785581459,9150.00,9151.49
1525785585229,9150.00,9153.99
1525785590752,9150.00,9154.00
1525785594338,9150.00,9151.55
1525785598365,9150.00,9151.55
1525785602262,9150.00,9151.55
1525785605501,9146.38,9150.08
1525785608952,9146.38,9151.99
1525785612516,9146.38,9151.99
1525785616178,9146.01,9154.02
1525785620229,9146.00,9149.86
1525785622602,9146.00,9149.86
1525785628354,9146.01,9150.09
1525785635578,9146.01,9150.09
1525785639983,9146.01,9150.09
1525785643801,9146.01,9150.09
1525785647418,9146.01,9150.09
1525785651197,9142.34,9150.23
1525785655664,9142.34,9150.22
1525785659256,9142.34,9150.22
1525785659256,9142.34,9150.22
1525785667307,9142.34,9150.18
1525785671249,9142.34,9150.18
1525785674953,9142.34,9147.19
1525785678418,9142.33,9147.10
1525785681412,9134.20,9139.89
1525785685169,9134.20,9139.89
1525785689346,9134.32,9138.58
1525785690495,9134.32,9138.58
1525785697162,9137.97,9142.69
1525785699422,9137.97,9142.69
1525785703854,9135.49,9139.91
1525785707161,9135.49,9139.91
1525785711446,9134.46,9139.99
1525785714618,9135.00,9142.99
1525785718757,9135.01,9142.99
1525785722313,9135.01,9142.99
1525785723774,9135.00,9142.99
1525785729804,9135.00,9142.99
1525785733872,9135.04,9142.00
1525785740066,9135.04,9142.00
1525785744710,9135.04,9139.73
1525785747390,9135.04,9139.73
1525785751722,9135.04,9139.73
1525785755311,9135.12,9139.64
1525785758715,9133.15,9134.97
1525785763110,9133.15,9134.97
1525785767182,9133.15,9134.90
1525785769762,9131.00,9134.89
1525785774030,9131.00,9135.04
1525785777214,9131.00,9135.04
1525785780486,9131.00,9134.90
1525785785034,9131.01,9134.90
1525785788288,9131.01,9134.90
1525785792879,9131.00,9131.01
1525785795269,9131.00,9131.01
1525785799893,9131.06,9134.97
1525785803805,9131.06,9134.97
1525785807204,9131.06,9134.97
1525785811383,9131.34,9134.97
1525785814185,9131.00,9134.97
1525785818390,9132.00,9134.98
1525785822326,9132.00,9134.98
1525785825737,9132.00,9134.98
1525785829611,9132.00,9134.98
1525785831865,9132.00,9134.98
1525785837434,9132.01,9134.98
1525785841218,9132.00,9134.97
1525785843499,9133.00,9141.99
1525785847984,9133.00,9141.99
1525785851170,9133.01,9141.99
1525785855476,9133.01,9139.80
1525785858548,9133.01,9139.80
1525785863356,9133.01,9139.80
1525785867825,9132.01,9139.79
1525785870557,9138.00,9139.79
1525785874715,9138.00,9139.80
1525785877132,9138.00,9139.80
1525785880721,9138.00,9139.99
1525785885366,9138.00,9139.99
1525785890041,9131.74,9139.99
1525785893506,9131.74,9139.99
1525785894732,9131.74,9139.99
1525785900663,9131.74,9139.99
1525785902303,9131.91,9139.99
1525785908143,9131.00,9141.99
1525785911422,9132.12,9141.99
1525785915571,9132.12,9141.99
1525785919805,9132.12,9141.99
1525785923329,9132.12,9141.96
1525785926193,9132.12,9141.93
1525785930084,9132.12,9141.93
1525785933770,9132.12,9141.87
1525785937314,9132.12,9141.86
1525785941748,9132.12,9140.07
1525785945213,9132.12,9137.88
1525785948954,9132.12,9139.31
1525785953048,9132.12,9139.31
1525785956165,9132.12,9135.83
1525785959141,9132.12,9135.83
1525785961966,9132.12,9135.83
1525785967467,9132.12,9135.83
1525785971435,9128.02,9135.88
1525785975447,9128.02,9131.25
1525785978890,9123.93,9128.02
1525785982043,9123.93,9128.02
1525785986490,9116.47,9120.86
1525785989153,9116.59,9117.96
1525785994301,9116.86,9125.64
1525785996602,9116.86,9125.64
1525786001552,9117.97,9125.88
1525786004077,9117.97,9125.88
1525786010006,9117.98,9122.58
1525786012666,9117.98,9122.58
1525786017377,9117.98,9125.88
1525786021099,9118.00,9125.81
1525786024587,9118.01,9122.28
1525786028190,9118.01,9122.28
1525786033103,9118.01,9125.84
1525786036989,9118.00,9125.70
1525786039470,9118.00,9125.70
1525786043176,9118.00,9125.70
1525786048558,9118.00,9125.80
1525786053346,9118.00,9121.87
1525786057325,9118.00,9121.86
1525786060950,9118.00,9125.69
1525786064541,9118.00,9125.69
1525786068319,9118.00,9125.69
1525786072249,9118.01,9125.69
1525786075185,9118.01,9125.69
1525786077904,9118.01,9125.99
1525786081521,9118.02,9125.98
1525786086462,9118.03,9125.99
1525786090558,9118.03,9125.99
1525786093896,9121.99,9125.99
1525786097462,9118.03,9125.99
1525786100597,9118.01,9129.31
1525786105462,9118.01,9129.31
1525786109445,9118.01,9129.31
1525786112667,9118.18,9125.34
1525786115488,9118.02,9129.31
1525786120177,9118.18,9125.34
1525786123823,9118.18,9125.34
1525786127870,9117.97,9125.44
1525786131639,9116.94,9125.43
1525786134656,9116.94,9125.43
1525786138118,9116.94,9125.25
1525786141965,9116.94,9125.25
1525786145334,9117.00,9125.81
1525786149517,9117.10,9125.80
1525786158366,9125.81,9129.36
1525786164288,9125.81,9129.36
1525786171171,9117.28,9122.09
1525786175290,9121.56,9129.36
1525786178528,9121.56,9129.36
1525786183368,9118.07,9129.36
1525786187833,9118.50,9129.36
1525786191913,9120.00,9128.17
1525786195794,9120.00,9129.36
1525786199682,9120.00,9129.36
1525786202476,9120.00,9129.36
1525786205854,9120.01,9129.17
1525786210233,9120.01,9129.17
1525786214134,9120.00,9125.92
1525786218174,9120.00,9124.47
1525786222103,9120.00,9124.47
1525786225846,9120.00,9124.47
1525786229319,9120.00,9121.92
1525786233318,9120.00,9121.91
1525786238110,9120.00,9121.92
1525786242041,9120.01,9121.92
1525786245901,9120.01,9121.92
1525786248181,9120.01,9121.92
1525786253315,9120.01,9121.92
1525786253315,9120.01,9121.92
1525786260390,9114.75,9115.76
1525786263870,9114.75,9115.75
1525786267584,9114.75,9115.76
1525786270298,9114.75,9115.76
1525786274511,9114.75,9115.75
1525786278575,9114.75,9115.76
1525786282925,9115.76,9116.16
1525786286247,9115.76,9116.16
1525786291294,9113.11,9120.00
1525786294809,9108.35,9118.66
1525786299166,9108.35,9118.66
1525786302276,9115.41,9118.23
1525786304655,9115.41,9118.23
1525786310207,9106.36,9111.45
1525786314264,9106.36,9111.45
1525786317707,9105.59,9115.14
1525786320675,9105.59,9115.14
1525786325318,9103.79,9113.96
1525786328867,9104.93,9113.65
1525786332387,9104.93,9113.65
1525786337469,9106.43,9112.04
1525786340577,9106.43,9112.04
1525786344922,9106.43,9112.04
1525786348773,9106.44,9112.04
1525786352164,9106.44,9112.04
1525786355591,9101.21,9104.76
1525786358957,9101.00,9104.92
1525786363684,9104.76,9104.92
1525786367102,9104.76,9104.92
1525786370560,9101.00,9104.28
1525786374940,9101.00,9104.28
1525786379651,9101.00,9104.27
1525786383042,9104.27,9108.40
1525786386943,9104.27,9108.40
1525786389297,9104.27,9108.40
1525786394534,9100.05,9104.08
1525786397816,9100.17,9112.99
1525786402614,9102.82,9112.99
1525786404875,9102.82,9112.99
1525786409505,9102.82,9112.99
1525786413572,9102.72,9108.95
1525786417216,9102.72,9108.95
1525786420593,9111.04,9112.52
1525786425514,9108.95,9112.52
1525786428330,9109.43,9112.52
1525786432659,9109.44,9112.52
1525786436323,9109.44,9112.52
1525786440087,9109.44,9112.52
1525786442850,9110.16,9113.18
1525786446800,9110.16,9113.18
1525786451415,9113.07,9113.99
1525786454456,9111.71,9113.50
1525786458326,9113.50,9117.99
1525786462714,9113.50,9117.99
1525786465237,9113.50,9117.99
1525786469434,9109.42,9122.35
1525786473942,9113.50,9117.73
1525786476734,9113.50,9117.73
1525786482037,9114.48,9121.68
1525786484746,9113.51,9120.98
1525786488676,9113.51,9121.18
1525786492946,9113.51,9120.40
1525786496444,9113.51,9120.40
1525786499995,9113.51,9121.90
1525786501453,9113.51,9121.90
1525786506665,9113.51,9121.28
1525786511268,9113.51,9120.58
1525786514482,9113.51,9120.78
1525786518062,9113.51,9120.18
1525786522677,9113.51,9120.99
1525786526188,9113.51,9120.99
1525786529829,9113.51,9120.50
1525786532613,9113.50,9120.00
1525786536975,9113.50,9120.00
1525786541021,9113.50,9120.12
1525786542306,9113.50,9120.12
1525786547753,9113.50,9113.51
1525786552036,9113.50,9113.51
1525786556430,9113.50,9113.51
1525786559062,9113.50,9118.79
1525786563907,9113.50,9118.79
1525786566978,9113.50,9118.79
1525786571521,9110.00,9118.99
1525786575239,9110.00,9118.99
1525786577986,9110.00,9118.99
1525786580077,9110.00,9119.77
1525786585122,9110.09,9119.80
1525786590015,9111.00,9119.99
1525786593043,9111.00,9119.99
1525786597755,9119.99,9120.00
1525786600494,9111.01,9120.00
1525786603794,9111.00,9119.99
1525786608681,9111.02,9119.99
1525786612746,9111.02,9119.99
1525786614985,9111.02,9119.99
1525786619143,9111.06,9119.99
1525786623072,9111.06,9119.99
1525786627054,9111.06,9119.99
1525786631119,9111.06,9119.99
1525786634738,9111.70,9119.99
1525786638636,9111.70,9119.99
1525786642774,9111.95,9119.99
1525786645257,9113.54,9119.99
1525786649913,9113.54,9119.99
1525786655224,9113.54,9119.99
1525786658927,9113.55,9122.39
1525786661647,9120.01,9122.39
1525786665588,9114.66,9122.39
1525786671950,9122.38,9122.39
1525786675413,9122.47,9131.20
1525786680248,9122.47,9131.20
1525786684398,9122.39,9131.20
1525786690050,9122.48,9130.86
1525786693570,9121.15,9130.72
1525786702436,9121.16,9130.63
1525786707347,9121.17,9130.54
1525786711498,9121.18,9131.20
1525786715202,9121.18,9131.20
1525786718994,9122.34,9131.20
1525786723863,9126.00,9131.20
1525786727674,9126.00,9131.00
1525786731106,9126.00,9131.00
1525786733325,9126.00,9131.00
1525786738787,9126.00,9131.00
1525786741857,9126.00,9131.00
1525786746116,9126.00,9131.00
1525786749894,9126.00,9131.60
1525786753790,9126.00,9133.99
1525786757054,9126.00,9136.50
1525786761203,9126.00,9136.50
1525786764989,9126.34,9139.23
1525786768579,9126.23,9139.23
1525786768579,9126.23,9139.23
1525786775928,9127.05,9138.34
1525786780138,9127.06,9139.00
1525786783433,9127.53,9139.36
1525786786422,9127.68,9139.49
1525786790623,9127.68,9139.49
1525786797241,9131.66,9140.80
1525786801206,9131.66,9140.80
1525786805815,9131.66,9140.68
1525786807670,9131.66,9142.62
1525786812246,9131.67,9142.63
1525786817966,9131.67,9142.63
1525786823365,9131.67,9142.64
1525786827269,9131.67,9142.50
1525786829839,9131.67,9142.50
1525786833302,9131.67,9142.31
1525786837486,9131.67,9142.11
1525786840386,9131.67,9142.11
1525786845310,9131.67,9142.24
1525786849428,9131.67,9141.99
1525786852646,9131.67,9141.98
1525786855104,9131.67,9141.98
1525786859854,9131.67,9141.98
1525786862944,9131.67,9141.77
1525786866655,9133.00,9141.76
1525786870423,9133.00,9141.76
1525786873743,9133.00,9141.76
1525786877561,9133.01,9141.99
1525786881773,9133.01,9142.52
1525786885842,9133.01,9142.52
1525786888702,9133.01,9142.64
1525786893021,9133.01,9142.64
1525786897328,9133.01,9142.64
1525786899685,9133.01,9142.64
1525786902875,9133.01,9142.54
1525786907421,9133.01,9142.64
1525786911239,9133.01,9142.64
1525786914010,9133.01,9141.79
1525786917632,9133.01,9141.79
1525786922462,9133.01,9141.79
1525786925419,9133.01,9141.79
1525786929804,9133.01,9141.79
1525786935463,9133.01,9141.68
1525786938663,9133.01,9141.68
1525786943868,9133.01,9141.68
1525786947261,9133.01,9141.42
1525786951151,9133.01,9141.42
1525786956205,9133.01,9141.42
1525786960184,9133.01,9141.42
1525786964011,9133.01,9141.42
1525786967582,9133.01,9141.42
1525786971269,9133.01,9141.42
1525786974782,9133.01,9141.41
1525786991306,9133.01,9138.73
1525786995258,9133.01,9138.99
1525786998767,9133.01,9138.99
1525787004391,9133.01,9139.83
1525787011051,9133.01,9139.83
1525787014797,9133.01,9141.42
1525787018943,9133.01,9141.42
1525787021749,9133.01,9136.66
1525787024836,9133.01,9136.66
1525787029659,9133.01,9136.66
1525787029659,9133.01,9136.66
1525787036871,9130.05,9132.19
1525787040935,9130.05,9132.19
1525787045197,9123.76,9128.68
1525787047062,9123.69,9128.68
1525787051454,9128.68,9132.19
1525787056450,9128.68,9132.19
1525787058800,9128.69,9131.00
1525787063935,9128.69,9131.00
1525787066599,9128.70,9131.00
1525787071547,9128.70,9131.00
1525787074231,9123.69,9128.64
1525787079123,9123.69,9130.99
1525787089234,9123.70,9128.69
1525787093957,9123.70,9131.00
1525787101078,9123.70,9131.00
1525787105134,9123.70,9131.00
1525787110318,9123.70,9131.00
1525787114910,9123.70,9131.00
1525787126040,9123.70,9130.99
1525787127945,9123.70,9130.99
1525787127945,9123.70,9130.99
1525787136581,9124.00,9131.00
1525787139419,9124.01,9130.99
1525787144631,9124.00,9129.78
1525787148998,9124.00,9129.78
1525787152630,9129.77,9131.61
1525787156008,9129.77,9131.61
1525787159796,9124.01,9129.17
1525787163041,9124.01,9129.17
1525787165492,9124.01,9129.17
1525787171360,9124.01,9129.17
1525787173540,9124.01,9129.17
1525787178068,9124.01,9129.17
1525787182167,9124.00,9129.16
1525787185362,9124.00,9129.16
1525787189593,9124.00,9129.16
1525787192228,9124.00,9129.16
1525787197264,9124.00,9128.86
1525787200934,9124.00,9128.78
1525787205590,9124.01,9128.78
1525787206725,9124.01,9128.78
1525787212765,9124.26,9128.78
1525787215490,9124.01,9128.78
1525787220428,9124.01,9128.78
1525787222702,9124.01,9128.78
1525787227750,9129.78,9129.99
1525787232383,9129.78,9129.99
1525787235926,9129.78,9130.00
1525787240705,9129.78,9130.00
1525787244204,9129.78,9130.00
1525787247987,9129.78,9130.00
1525787251362,9129.78,9130.00
1525787254366,9129.78,9130.00
1525787259003,9129.78,9130.00
1525787262695,9124.01,9130.00
1525787267488,9124.01,9130.00
1525787270919,9124.01,9130.00
1525787274357,9124.01,9129.29
1525787277867,9124.01,9129.29
1525787283598,9124.01,9130.00
1525787285994,9124.01,9129.28
1525787290463,9126.00,9129.23
1525787294333,9126.00,9129.23
1525787297738,9126.01,9129.95
1525787302455,9123.69,9129.40
1525787304838,9123.69,9129.40
1525787309626,9113.28,9115.12
1525787313635,9113.28,9115.12
1525787316076,9114.56,9115.12
1525787320247,9114.56,9115.12
1525787324302,9114.56,9115.12
1525787328158,9114.56,9115.12
1525787331940,9114.74,9115.12
1525787335033,9114.34,9115.12
1525787338748,9114.34,9115.12
1525787342609,9114.50,9115.12
1525787347463,9114.51,9115.12
1525787352670,9114.72,9116.48
1525787356403,9116.60,9119.40
1525787360158,9118.17,9123.99
1525787363637,9118.17,9123.99
1525787367647,9118.48,9129.49
1525787371188,9118.49,9123.36
1525787374670,9118.49,9126.27
1525787378568,9118.49,9126.27
1525787381041,9118.49,9126.27
1525787386123,9118.49,9123.21
1525787389720,9119.00,9129.51
1525787393229,9119.00,9129.51
1525787396473,9119.00,9125.72
1525787400471,9119.00,9125.72
1525787403012,9119.00,9125.72
1525787407442,9119.02,9129.51
1525787411609,9119.08,9130.00
1525787415904,9119.08,9130.00
1525787418358,9119.08,9130.00
1525787422647,9119.08,9130.00
1525787425520,9119.09,9130.00
1525787430314,9119.09,9130.00
1525787435982,9119.09,9129.99
1525787439655,9119.09,9129.82
1525787443438,9119.09,9129.82
1525787446863,9119.09,9124.05
1525787450186,9119.09,9124.05
1525787453589,9119.09,9124.05
1525787457108,9119.09,9124.05
1525787459656,9119.10,9124.05
1525787468956,9119.10,9124.05
1525787472769,9119.10,9123.83
1525787476286,9119.10,9123.83
1525787479791,9119.10,9123.83
1525787483598,9119.10,9123.83
1525787488307,9115.12,9118.27
1525787491002,9115.12,9120.80
1525787494587,9115.12,9120.80
1525787499030,9115.12,9120.80
1525787501566,9112.00,9113.27
1525787505343,9112.00,9113.26
1525787509854,9112.00,9113.26
1525787513986,9112.00,9113.26
1525787517584,9112.05,9113.27
1525787522167,9114.00,9118.69
1525787525207,9114.00,9118.69
1525787528594,9114.00,9118.69
1525787533451,9114.00,9122.96
1525787537054,9114.00,9118.81
1525787540545,9113.29,9122.39
1525787544343,9113.29,9122.25
1525787544343,9113.29,9122.25
1525787551935,9114.05,9114.23
1525787554744,9114.06,9114.23
1525787559341,9114.06,9119.11
1525787563218,9114.06,9119.11
1525787567396,9114.07,9119.11
1525787569659,9114.08,9119.11
1525787574025,9114.08,9119.11
1525787577831,9114.36,9122.39
1525787582288,9114.36,9122.39
1525787585698,9114.35,9122.39
1525787590443,9119.11,9122.39
1525787593774,9119.11,9122.39
1525787597708,9119.11,9122.39
1525787602184,9119.11,9122.39
1525787605170,9115.06,9122.39
1525787608742,9115.06,9122.39
1525787612626,9115.08,9122.39
1525787617174,9115.05,9122.00
1525787620904,9115.05,9121.99
1525787624667,9115.11,9121.99
1525787629815,9115.05,9122.00
1525787633319,9115.05,9122.00
1525787636450,9115.21,9122.00
1525787639350,9115.21,9122.00
1525787644680,9115.05,9122.00
1525787647239,9115.28,9121.99
1525787651223,9115.40,9121.99
1525787655135,9115.40,9121.99
1525787659600,9115.40,9121.99
1525787663005,9115.29,9121.99
1525787667689,9115.33,9121.99
1525787671050,9115.05,9121.52
1525787674432,9115.05,9121.52
1525787677815,9115.06,9121.99
1525787681863,9115.06,9121.70
1525787686315,9115.06,9121.70
1525787690066,9115.06,9121.70
1525787693679,9113.27,9115.07
1525787697087,9113.27,9115.07
1525787700454,9113.27,9115.06
1525787705283,9113.27,9115.06
1525787709139,9113.27,9115.07
1525787712950,9113.27,9118.69
1525787716690,9113.27,9118.46
1525787721325,9113.27,9118.46
1525787724922,9113.27,9118.46
1525787728834,9113.00,9119.27
1525787731990,9113.01,9115.00
1525787736437,9113.01,9115.00
1525787740583,9113.01,9115.00
1525787744070,9113.01,9115.00
1525787748502,9112.00,9115.00
1525787750139,9112.00,9115.00
1525787756591,9112.00,9115.00
1525787760000,9112.00,9115.00
1525787763877,9112.00,9114.99
1525787766692,9112.00,9114.99
1525787770284,9112.00,9114.99
1525787774939,9112.00,9114.99
1525787778890,9112.06,9114.99
1525787782848,9112.10,9115.00
1525787785310,9112.10,9115.00
1525787790287,9112.10,9115.00
1525787793939,9112.20,9115.00
1525787798732,9112.30,9115.00
1525787802646,9112.31,9115.00
1525787805522,9112.31,9115.00
1525787809715,9112.41,9119.99
1525787813744,9112.41,9119.99
1525787817689,9113.79,9122.39
1525787821425,9113.79,9122.39
1525787826509,9113.79,9122.39
1525787829959,9113.79,9122.39
1525787834031,9113.80,9124.05
1525787838188,9113.82,9124.05
1525787840962,9113.82,9124.05
1525787845346,9113.82,9124.05
1525787848801,9113.82,9124.05
1525787853451,9114.02,9124.05
1525787857992,9114.02,9124.05
1525787861023,9114.02,9124.05
1525787865857,9114.02,9124.05
1525787870170,9114.02,9124.97
1525787874091,9113.27,9122.08
1525787877998,9113.27,9122.07
1525787881283,9113.27,9122.07
1525787887615,9113.28,9122.99
1525787891837,9113.28,9122.99
1525787894525,9113.30,9122.56
1525787899736,9113.30,9122.56
1525787903033,9113.30,9122.56
1525787906465,9113.27,9122.55
1525787911266,9113.27,9122.55
1525787915394,9113.27,9122.56
1525787920304,9113.27,9121.99
1525787927250,9113.27,9118.29
1525787934331,9113.27,9118.29
1525787937541,9113.27,9118.29
1525787943830,9113.27,9118.29
1525787946863,9113.27,9118.29
1525787951623,9113.27,9118.29
1525787955891,9113.27,9118.29
1525787960173,9112.00,9118.29
1525787964439,9112.00,9118.29
1525787966410,9112.00,9118.29
1525787971409,9112.39,9118.28
1525787974423,9112.67,9118.29
1525787979365,9112.60,9118.29
1525787982434,9112.60,9118.29
1525787986549,9113.06,9118.29
1525787990378,9113.06,9118.29
1525787995688,9113.06,9118.29
1525787999413,9113.06,9123.99
1525788003350,9113.06,9123.99
1525788006722,9113.06,9125.63
1525788011173,9113.45,9125.19
1525788013979,9113.45,9125.19
1525788018062,9113.45,9125.19
1525788022347,9113.38,9125.10
1525788025114,9113.83,9124.89
1525788030054,9113.50,9124.58
1525788032995,9113.50,9124.58
1525788037311,9113.51,9124.42
1525788041378,9113.51,9118.59
1525788045603,9113.51,9118.59
1525788048422,9113.51,9118.59
1525788054368,9113.01,9118.59
1525788057085,9113.01,9118.59
1525788060544,9113.01,9118.59
1525788064546,9113.01,9118.59
1525788067938,9113.01,9118.59
1525788073351,9124.91,9125.61
1525788075998,9116.24,9125.61
1525788080236,9116.25,9125.53
1525788083699,9116.25,9125.53
1525788086444,9116.25,9125.53
1525788091828,9116.25,9125.99
1525788095726,9114.64,9125.94
1525788098022,9114.64,9125.94
1525788102253,9114.64,9125.94
1525788106740,9114.64,9119.79
1525788109837,9113.40,9119.78
1525788113260,9113.40,9119.78
1525788117588,9113.40,9119.78
1525788121673,9114.70,9119.78
1525788123473,9114.70,9119.78
1525788128220,9114.70,9119.78
1525788132776,9114.80,9119.79
1525788136130,9114.71,9119.79
1525788139738,9114.71,9119.79
1525788144748,9114.71,9122.38
1525788148313,9114.71,9122.38
1525788149717,9114.71,9122.38
1525788154855,9114.71,9122.38
1525788158475,9114.71,9122.38
1525788162982,9114.71,9122.38
1525788166507,9114.71,9119.93
1525788169253,9114.71,9119.93
1525788174257,9114.71,9119.93
1525788178991,9114.71,9119.93
1525788181654,9120.39,9122.38
1525788186404,9120.39,9122.38
1525788189499,9120.39,9125.99
1525788192950,9120.39,9125.99
1525788197306,9122.38,9129.99
1525788201090,9121.48,9131.59
1525788205018,9121.48,9131.59
1525788208067,9122.70,9131.59
1525788212641,9122.79,9131.59
1525788215686,9122.79,9131.59
1525788220888,9123.00,9131.59
1525788225196,9123.00,9131.59
1525788228095,9123.01,9128.29
1525788231530,9123.01,9128.29
1525788237053,9123.30,9128.29
1525788243252,9124.90,9128.29
1525788247790,9123.68,9128.29
1525788248995,9123.68,9128.29
1525788254840,9123.68,9128.29
1525788259334,9128.67,9135.99
1525788263351,9128.68,9135.99
1525788267135,9127.17,9139.38
1525788268329,9127.17,9139.38
1525788275629,9129.90,9139.68
1525788277838,9130.08,9133.43
1525788282893,9129.81,9133.43
1525788287883,9133.43,9135.16
1525788291656,9126.70,9135.16
1525788295497,9126.70,9135.16
1525788300091,9129.30,9135.16
1525788301960,9126.90,9135.16
1525788308102,9129.22,9135.00
1525788311043,9129.22,9135.00
1525788315824,9126.91,9135.00
1525788318491,9126.91,9135.00
1525788323130,9124.47,9135.00
1525788325841,9124.47,9135.00
1525788330714,9124.57,9135.00
1525788334396,9124.57,9135.00
1525788337970,9124.57,9135.00
1525788343602,9124.57,9135.00
1525788346975,9124.70,9135.00
1525788351501,9128.39,9135.00
1525788354493,9128.39,9135.00
1525788360444,9128.39,9135.00
1525788364621,9126.86,9135.00
1525788367709,9126.87,9135.00
1525788370702,9126.87,9135.00
1525788375133,9126.94,9135.00
1525788378949,9126.94,9135.00
1525788382553,9126.94,9135.00
1525788386029,9126.94,9135.00
1525788386029,9126.94,9135.00
1525788394545,9126.94,9135.00
1525788396875,9126.94,9135.00
1525788401591,9126.94,9135.00
1525788404549,9126.94,9135.00
1525788407985,9123.35,9134.78
1525788413170,9122.46,9134.78
1525788415668,9122.46,9134.78
1525788420333,9122.76,9134.62
1525788423812,9122.46,9134.61
1525788428369,9122.46,9134.15
1525788431083,9122.46,9134.15
1525788436650,9122.46,9134.15
1525788441584,9122.46,9133.86
1525788444958,9122.46,9133.86
1525788448730,9122.46,9133.86
1525788452628,9133.85,9134.70
1525788457027,9123.02,9134.30
1525788461650,9123.02,9133.88
1525788464938,9123.02,9133.88
1525788468704,9122.68,9134.10
1525788473361,9122.46,9134.05
1525788476782,9122.46,9134.19
1525788478286,9122.46,9134.19
1525788484314,9122.79,9134.18
1525788488020,9122.80,9135.00
1525788491073,9122.80,9135.00
1525788495440,9122.80,9135.00
1525788499260,9122.80,9134.98
1525788502485,9126.35,9135.00
1525788505331,9126.35,9135.00
1525788509780,9126.35,9135.00
1525788509780,9126.35,9135.00
1525788518151,9127.00,9135.16
1525788521934,9127.50,9135.16
1525788525596,9127.50,9135.16
1525788530044,9127.83,9127.90
1525788535384,9125.81,9135.16
1525788540000,9126.70,9135.16
1525788541380,9126.71,9135.16
1525788549309,9126.71,9135.16
1525788553480,9126.71,9135.16
1525788557960,9126.72,9135.16
1525788564206,9126.86,9135.16
1525788572267,9127.21,9135.16
1525788575217,9127.21,9135.16
1525788582580,9127.20,9135.16
1525788589629,9129.90,9135.16
1525788593395,9129.92,9135.16
1525788597980,9130.01,9139.99
1525788601663,9135.16,9140.70
1525788605677,9135.16,9140.70
1525788609906,9138.28,9141.25
1525788613649,9131.63,9141.25
1525788618170,9131.63,9141.25
1525788620851,9131.63,9141.25
1525788624587,9131.63,9141.25
1525788628644,9131.63,9141.25
1525788632413,9131.62,9140.38
1525788637134,9131.62,9140.38
1525788640445,9131.62,9140.38
1525788644161,9131.62,9140.00
1525788648543,9131.62,9137.04
1525788652373,9129.50,9137.04
1525788655938,9129.50,9137.04
1525788659753,9127.80,9137.05
1525788662111,9127.80,9137.05
1525788667456,9128.00,9137.04
1525788669656,9128.00,9137.04
1525788674042,9128.00,9137.04
1525788677538,9128.01,9137.05
1525788682805,9137.05,9140.00
1525788686049,9137.05,9140.00
1525788690886,9128.00,9135.20
1525788694296,9128.00,9135.93
1525788697802,9128.00,9135.79
1525788702240,9128.00,9133.49
1525788705941,9128.00,9133.49
1525788708049,9128.00,9133.48
1525788712125,9128.00,9133.49
1525788715018,9128.00,9133.49
1525788715018,9128.00,9133.49
1525788715018,9128.00,9133.49
1525788715018,9128.00,9133.49
1525788715018,9128.00,9133.49
1525788715018,9128.00,9133.49
1525788715018,9128.00,9133.49
1525788715018,9128.00,9133.49
1525788715018,9128.00,9133.49
1525788772222,9125.71,9130.81
1525788777926,9125.13,9127.11
1525788782891,9125.13,9127.11
1525788786060,9125.13,9127.11
1525788788704,9127.98,9137.82
1525788793464,9132.38,9137.82
1525788797178,9132.38,9137.82
1525788798629,9132.38,9137.82
1525788805405,9132.38,9137.82
1525788809651,9135.77,9140.26
1525788813242,9141.85,9142.99
1525788816625,9141.85,9142.99
1525788821203,9141.85,9142.99
1525788825492,9132.76,9140.78
1525788828004,9132.76,9140.78
1525788832974,9132.76,9140.78
1525788837502,9134.70,9143.44
1525788840896,9134.70,9143.44
1525788843961,9134.70,9143.44
1525788847607,9134.70,9143.44
1525788851238,9134.70,9143.44
1525788853778,9134.70,9143.44
1525788859454,9134.70,9143.44
1525788864053,9134.70,9143.44
1525788867521,9134.70,9143.45
1525788871283,9134.70,9143.45
1525788874114,9134.71,9143.44
1525788878743,9134.74,9143.44
1525788881609,9134.75,9143.46
1525788885564,9134.75,9143.46
1525788889945,9135.00,9143.46
1525788893714,9135.01,9143.46
1525788898126,9135.01,9143.46
1525788900768,9135.01,9143.46
1525788906782,9135.01,9143.46
1525788909654,9135.01,9143.46
1525788913062,9135.01,9143.46
1525788917876,9135.01,9143.46
1525788921565,9135.01,9143.46
1525788924124,9135.01,9143.46
1525788929862,9135.01,9143.46
1525788934217,9135.01,9143.46
1525788940946,9136.00,9143.46
1525788945722,9136.00,9143.46
1525788950344,9136.00,9143.45
1525788954020,9136.00,9143.45
1525788959313,9136.00,9143.45
1525788963616,9136.00,9143.45
1525788966768,9136.00,9143.45
1525788970978,9136.01,9143.45
1525788975723,9136.01,9143.45
1525788982107,9136.01,9143.45
1525788987393,9136.01,9144.32
1525788994058,9143.46,9145.85
1525789001536,9143.46,9145.85
1525789007698,9143.46,9145.99
1525789022693,9136.00,9141.20
1525789027936,9136.00,9146.50
1525789032029,9136.00,9146.50
1525789036382,9136.00,9144.06
1525789041048,9136.00,9143.99
1525789045026,9135.00,9143.70
1525789050938,9135.00,9141.97
1525789079283,9136.01,9143.49
1525789083212,9136.01,9143.30
1525789087024,9143.50,9147.19
1525789087024,9143.50,9147.19
1525789094586,9143.50,9147.10
1525789101286,9143.51,9147.19
1525789105371,9143.50,9143.72
1525789108774,9143.50,9143.72
1525789112594,9143.50,9143.72
1525789116484,9143.50,9147.50
1525789119752,9143.50,9147.50
1525789122983,9143.50,9147.50
1525789126849,9143.50,9145.15
1525789130563,9143.50,9147.46
1525789134351,9143.50,9147.46
1525789137611,9143.50,9147.46
1525789142173,9143.50,9147.46
1525789147636,9143.50,9147.84
1525789150458,9143.50,9147.68
1525789153778,9143.50,9147.68
1525789158422,9143.50,9147.84
1525789162828,9143.50,9147.84
1525789166658,9143.50,9147.84
1525789170085,9143.50,9147.85
1525789173818,9143.50,9147.85
1525789176242,9147.85,9149.07
1525789181325,9143.50,9149.07
1525789183212,9143.50,9149.07
1525789190416,9143.50,9149.07
1525789193770,9143.50,9149.07
1525789196171,9138.88,9148.32
1525789201386,9137.72,9148.31
1525789206670,9138.87,9149.07
1525789207809,9138.87,9149.07
1525789213138,9138.87,9149.07
1525789217614,9138.88,9149.07
1525789220979,9136.40,9149.07
1525789224594,9137.37,9149.07
1525789229814,9136.40,9148.80
1525789233581,9136.40,9148.80
1525789237445,9138.25,9149.07
1525789241279,9139.20,9149.02
1525789245406,9139.21,9149.02
1525789248995,9139.21,9149.02
1525789252898,9137.10,9142.80
1525789257878,9136.97,9142.80
1525789260958,9136.97,9142.80
1525789265197,9136.97,9142.80
1525789267661,9136.97,9142.80
1525789273147,9136.98,9143.99
1525789278094,9136.99,9143.99
1525789281546,9136.99,9143.99
1525789286409,9136.99,9143.99
1525789289226,9136.99,9143.99
1525789296103,9140.63,9149.08
1525789300209,9140.63,9149.08
1525789303918,9140.64,9149.08
1525789307589,9140.64,9149.08
1525789308967,9140.64,9149.08
1525789314203,9140.64,9149.08
1525789319245,9140.20,9149.08
1525789325155,9140.00,9149.08
1525789331550,9140.09,9149.08
1525789335781,9140.09,9149.08
1525789339911,9140.09,9149.08
1525789343756,9140.21,9149.08
1525789348931,9140.28,9149.07
1525789352688,9140.28,9149.06
1525789356448,9140.28,9149.99
1525789361732,9140.28,9145.97
1525789365382,9140.28,9145.97
1525789369509,9140.29,9149.99
1525789375918,9140.29,9149.99
1525789379226,9140.29,9149.99
1525789385366,9140.00,9149.99
1525789389801,9140.01,9149.98
1525789395255,9140.01,9149.99
1525789402358,9140.33,9149.99
1525789408209,9140.34,9150.00
1525789412962,9140.34,9150.00
1525789416770,9140.34,9150.00
1525789419727,9140.34,9150.00
1525789425065,9140.34,9146.07
1525789430122,9140.34,9146.07
1525789435858,9140.34,9146.07
1525789441385,9140.34,9146.07
1525789445250,9140.34,9146.07
1525789449434,9140.34,9150.00
1525789453574,9140.34,9150.00
1525789459667,9140.34,9150.00
1525789466947,9140.34,9150.00
1525789471321,9140.34,9150.00
1525789476946,9140.34,9150.00
1525789482422,9146.14,9150.00
1525789487158,9146.14,9150.00
1525789492121,9152.69,9158.36
1525789496940,9150.52,9154.70
1525789501016,9150.50,9154.70
1525789509702,9150.51,9154.70
1525789517811,9150.51,9154.70
1525789522623,9150.51,9154.70
1525789526638,9143.56,9151.04
1525789533352,9143.56,9151.04
1525789540434,9143.55,9150.27
1525789543975,9143.55,9150.27
1525789548203,9141.93,9149.15
1525789554553,9143.90,9150.27
1525789558738,9143.90,9150.27
1525789562673,9143.84,9150.27
1525789567848,9143.86,9150.27
1525789573081,9143.87,9150.27
1525789575867,9143.88,9150.27
1525789580543,9143.88,9150.26
1525789585268,9143.88,9149.99
1525789589101,9143.88,9149.99
1525789593161,9149.99,9150.00
1525789598489,9149.99,9150.00
1525789603042,9143.88,9150.00
1525789607858,9143.88,9149.80
1525789613278,9142.98,9150.00
1525789617277,9143.10,9152.67
1525789620715,9150.27,9152.67
1525789623041,9150.27,9152.67
1525789628037,9155.00,9159.00
1525789633057,9155.01,9159.00
1525789635734,9155.01,9159.00
1525789639956,9155.01,9159.00
1525789643260,9155.01,9159.00
1525789648460,9155.01,9159.00
1525789651615,9155.01,9159.00
1525789654563,9155.01,9159.00
1525789659368,9155.01,9159.00
1525789667471,9151.09,9159.00
1525789671860,9150.12,9159.00
1525789678315,9153.53,9163.29
1525789681534,9153.53,9163.33
1525789689978,9152.74,9158.11
1525789692179,9152.74,9158.11
1525789698057,9152.80,9158.11
1525789701410,9152.81,9158.11
1525789706061,9152.81,9158.11
1525789707746,9152.81,9158.11
1525789716557,9154.80,9158.11
1525789719998,9154.80,9158.11
1525789723658,9154.80,9158.11
1525789728140,9147.72,9158.11
1525789731989,9148.73,9158.11
1525789738144,9148.73,9158.11
1525789741626,9151.00,9158.11
1525789745262,9151.00,9158.11
1525789749398,9151.00,9158.11
1525789754394,9151.00,9158.11
1525789758710,9151.00,9158.11
1525789765336,9151.00,9158.11
1525789776187,9151.00,9158.11
1525789783855,9151.00,9158.11
1525789788814,9151.00,9158.11
1525789794660,9151.05,9158.11
1525789799549,9151.05,9158.11
1525789806590,9151.06,9158.11
1525789809830,9151.06,9158.11
1525789814188,9153.17,9158.11
1525789819959,9153.41,9158.11
1525789824830,9153.41,9155.76
1525789829021,9153.41,9155.76
1525789834043,9153.41,9155.76
1525789840874,9153.42,9155.76
1525789844489,9153.42,9155.76
1525789850645,9145.61,9149.61
1525789855152,9145.62,9147.43
1525789862217,9145.63,9147.43
1525789877751,9151.19,9153.42
1525789882219,9151.19,9153.42
1525789890809,9135.07,9139.03
1525789899197,9127.53,9135.02
1525789904150,9127.58,9135.02
1525789909612,9127.53,9132.30
1525789915374,9127.53,9128.65
1525789922360,9127.53,9132.23
1525789930391,9127.53,9133.06
1525789936774,9120.95,9121.31
1525789943427,9116.75,9126.07
1525789947008,9116.75,9125.93
1525789950971,9116.75,9125.93
1525789955035,9116.75,9117.30
1525789959507,9116.75,9117.30
1525789965055,9116.75,9117.30
1525789968603,9113.26,9113.27
1525789971623,9108.95,9114.35
1525789975727,9108.95,9114.35
1525789980674,9121.82,9125.00
1525789983999,9117.32,9125.28
1525789988994,9109.51,9113.92
1525789994577,9109.20,9113.92
1525789998445,9108.97,9113.92
1525790000235,9108.97,9113.92
1525790005198,9113.91,9117.74
1525790008778,9113.91,9117.74
1525790012351,9113.91,9117.74
1525790016166,9113.91,9117.74
1525790021011,9113.92,9117.74
1525790025922,9113.92,9117.74
1525790029595,9113.92,9121.80
1525790033167,9114.19,9121.80
1525790036564,9114.19,9121.80
1525790040774,9117.74,9121.80
1525790045174,9117.75,9121.80
1525790047556,9117.75,9121.80
1525790052985,9119.09,9121.80
1525790057602,9119.09,9121.80
1525790060796,9119.09,9121.80
1525790064536,9119.09,9121.80
1525790068499,9119.09,9121.80
1525790072245,9119.09,9121.80
1525790076897,9119.10,9121.80
1525790079326,9119.20,9121.80
1525790085672,9134.55,9135.86
1525790089004,9134.55,9135.86
1525790093153,9119.60,9134.04
1525790095546,9119.60,9134.04
1525790100049,9117.74,9130.68
1525790106347,9117.74,9130.39
1525790109289,9117.74,9130.38
1525790112278,9117.74,9130.38
1525790119722,9122.35,9133.47
1525790125869,9122.35,9133.47
1525790129219,9122.36,9135.16
1525790133906,9122.51,9133.48
1525790138613,9122.36,9128.55
1525790142146,9122.36,9128.55
1525790147805,9122.36,9128.55
1525790151401,9122.36,9128.55
1525790154929,9122.36,9128.55
1525790158850,9122.36,9128.55
1525790161173,9122.45,9128.55
1525790166631,9122.45,9128.55
1525790169435,9122.60,9128.55
1525790173346,9122.60,9128.55
1525790182727,9122.35,9128.55
1525790190550,9128.56,9133.48
1525790193824,9128.56,9133.48
1525790202941,9124.17,9133.48
1525790206445,9123.77,9133.48
1525790210374,9123.74,9133.47
1525790214797,9123.61,9133.47
1525790219184,9123.61,9133.47
1525790224458,9123.62,9133.47
1525790227462,9123.62,9133.47
1525790231029,9123.62,9133.47
1525790235097,9122.35,9133.47
1525790239339,9122.36,9133.47
1525790243239,9122.36,9133.47
1525790247818,9122.36,9133.47
1525790256441,9122.36,9133.47
1525790262337,9122.39,9133.48
1525790267203,9122.39,9133.47
1525790274060,9123.00,9133.48
1525790280830,9123.48,9133.40
1525790287614,9123.10,9133.40
1525790299238,9124.27,9133.40
1525790303402,9124.28,9133.40
1525790307390,9124.28,9133.40
1525790310934,9124.28,9133.40
1525790314759,9124.28,9133.40
1525790318767,9124.28,9133.40
1525790322538,9124.28,9133.39
1525790327678,9124.28,9133.48
1525790331221,9124.28,9133.32
1525790335530,9124.28,9133.42
1525790339444,9124.28,9133.27
1525790342762,9124.28,9133.27
1525790342762,9124.28,9133.27
1525790349543,9124.28,9130.11
1525790352610,9124.28,9130.11
1525790357817,9124.28,9132.87
1525790361250,9124.28,9132.87
1525790364503,9124.27,9132.28
1525790368064,9124.27,9132.28
1525790373109,9124.27,9128.66
1525790376113,9117.74,9131.15
1525790379651,9117.74,9131.15
1525790384404,9117.80,9124.15
1525790388160,9117.81,9124.15
1525790392384,9118.00,9124.15
1525790395718,9118.00,9124.15
1525790399524,9117.75,9124.15
1525790404110,9117.75,9125.95
1525790406832,9117.75,9126.50
1525790410361,9117.75,9126.50
1525790414570,9117.75,9125.49
1525790417895,9117.75,9125.55
1525790422436,9117.75,9125.50
1525790423415,9117.75,9125.50
1525790428828,9117.75,9125.48
1525790432515,9117.74,9127.70
1525790436372,9117.74,9127.70
1525790442132,9117.74,9124.06
1525790446020,9117.74,9124.06
1525790450735,9117.74,9124.06
1525790453729,9117.74,9124.06
1525790456627,9123.00,9124.06
1525790460163,9123.00,9124.06
1525790465247,9117.75,9124.06
1525790468511,9117.75,9124.06
1525790472274,9117.75,9124.06
1525790475625,9117.75,9124.06
1525790479239,9117.75,9124.06
1525790483555,9119.90,9124.06
1525790487935,9120.59,9124.06
1525790491356,9120.59,9124.06
1525790495400,9120.60,9124.06
1525790499351,9120.72,9129.99
1525790502582,9130.50,9134.51
1525790505719,9130.50,9134.51
1525790509667,9122.44,9134.49
1525790514295,9122.45,9128.64
1525790518546,9122.45,9128.64
1525790521549,9122.45,9128.64
1525790526778,9122.46,9128.64
1525790529053,9122.47,9128.64
1525790534432,9122.47,9128.64
1525790538137,9122.47,9128.64
1525790542210,9122.47,9128.64
1525790546222,9122.47,9128.64
1525790550067,9122.47,9128.64
1525790554989,9122.47,9128.64
1525790559605,9126.64,9128.64
1525790562237,9126.64,9128.64
1525790565861,9128.65,9136.56
1525790569875,9128.92,9137.62
1525790572995,9128.92,9139.90
1525790578074,9128.92,9139.90
1525790580127,9128.92,9139.90
1525790585282,9128.92,9139.90
1525790590422,9139.90,9139.99
1525790593648,9139.90,9139.99
1525790597746,9128.13,9139.95
1525790601889,9128.14,9139.93
1525790604425,9128.14,9139.93
1525790609171,9125.11,9139.99
1525790612483,9125.11,9139.99
1525790616788,9127.87,9140.00
1525790621492,9130.35,9140.00
1525790625050,9130.35,9140.00
1525790629774,9130.37,9136.87
1525790629774,9130.37,9136.87
1525790636623,9127.80,9136.87
1525790640021,9127.80,9136.87
1525790645330,9127.90,9136.87
1525790647935,9128.10,9136.87
1525790649799,9128.10,9136.87
1525790656537,9128.20,9136.87
1525790660200,9128.20,9136.87
1525790663785,9128.31,9136.87
1525790663785,9128.31,9136.87
1525790670178,9128.31,9136.87
1525790672486,9127.01,9140.00
1525790677168,9139.98,9140.00
1525790681830,9139.98,9140.00
1525790685566,9139.27,9140.00
1525790690150,9139.27,9140.00
1525790693649,9128.21,9140.00
1525790697616,9129.93,9140.00
1525790701725,9130.02,9140.00
1525790703137,9130.02,9140.00
1525790705417,9130.02,9140.00
1525790712684,9131.63,9140.77
1525790717092,9134.68,9142.43
1525790719696,9134.68,9142.43
1525790724278,9134.69,9142.30
1525790727962,9131.63,9134.69
1525790731626,9131.63,9131.64
1525790733988,9131.63,9131.64
1525790740991,9123.10,9133.05
1525790745257,9122.43,9129.80
1525790749398,9122.43,9129.80
1525790751913,9122.43,9129.81
1525790755965,9122.43,9129.81
1525790759814,9129.95,9134.52
1525790763595,9133.10,9135.42
1525790766529,9122.44,9126.30
1525790771747,9122.44,9126.30
1525790776371,9122.44,9126.30
1525790779615,9122.44,9126.30
1525790783754,9122.44,9126.30
1525790787890,9122.44,9126.30
1525790791289,9122.44,9126.30
1525790795629,9122.44,9126.30
1525790799018,9122.44,9126.30
1525790803200,9122.44,9126.30
1525790806870,9122.44,9126.30
1525790811093,9122.44,9126.30
1525790820414,9122.44,9126.30
1525790829855,9122.44,9126.30
1525790840690,9116.80,9129.40
1525790846385,9113.91,9114.20
1525790853921,9113.91,9113.92
1525790858166,9113.91,9113.92
1525790862626,9113.91,9113.92
1525790866900,9113.91,9113.92
1525790870371,9113.91,9113.92
1525790874545,9113.91,9113.92
1525790878161,9108.96,9112.94
1525790881857,9104.28,9104.29
1525790886584,9104.28,9105.31
1525790889618,9104.28,9105.31
1525790893370,9101.67,9105.30
1525790898368,9101.00,9101.01
1525790905802,9101.00,9107.78
1525790909622,9101.00,9107.78
1525790915771,9101.01,9104.74
1525790920301,9101.01,9104.74
1525790924474,9094.91,9096.94
1525790927842,9094.91,9096.94
1525790931965,9100.05,9100.06
1525790935421,9095.98,9104.74
1525790940061,9095.98,9104.74
1525790941664,9095.98,9104.74
1525790946859,9095.98,9104.74
1525790950532,9109.64,9110.33
1525790955010,9107.85,9110.33
1525790957552,9107.85,9110.33
1525790962225,9115.99,9118.99
1525790966273,9113.97,9118.99
1525790970277,9117.62,9122.99
1525790974571,9117.62,9122.99
1525790977813,9117.62,9124.99
1525790983043,9118.75,9128.54
1525790989127,9118.76,9128.66
1525790992795,9118.93,9128.99
1525790998035,9118.93,9128.99
1525791001428,9119.21,9128.99
1525791005815,9122.61,9128.92
1525791011077,9122.61,9122.62
1525791014435,9122.61,9122.62
1525791018411,9118.00,9121.06
1525791023361,9113.21,9113.97
1525791026347,9113.21,9113.97
1525791036803,9105.01,9117.90
1525791040470,9105.01,9117.90
1525791049998,9103.31,9112.08
1525791079194,9102.40,9117.99
1525791083419,9102.40,9117.99
1525791087016,9104.50,9117.61
1525791092231,9104.50,9117.61
1525791094381,9104.50,9117.61
1525791098518,9109.84,9117.99
1525791102559,9110.36,9119.48
1525791108139,9110.36,9119.48
1525791112856,9110.36,9119.48
1525791116174,9117.96,9119.99
1525791119727,9117.96,9119.99
1525791125284,9122.04,9122.99
1525791128292,9121.06,9122.99
1525791149685,9119.49,9124.99
1525791153882,9118.99,9128.68
1525791156781,9118.99,9128.68
1525791162406,9119.32,9128.68
1525791165063,9119.32,9128.68
1525791169550,9119.16,9128.68
1525791173877,9121.97,9128.68
1525791178214,9121.97,9128.68
1525791179594,9121.97,9128.68
1525791185705,9121.97,9128.68
1525791188926,9122.10,9128.68
1525791191934,9122.10,9128.68
1525791196629,9122.10,9128.68
1525791200433,9122.10,9138.53
1525791203962,9122.10,9138.53
1525791208064,9128.67,9137.21
1525791212202,9128.67,9137.21
1525791214796,9128.67,9137.21
1525791219309,9128.67,9138.56
1525791224078,9128.67,9138.56
1525791230723,9128.67,9139.89
1525791234634,9128.67,9139.89
1525791238428,9128.67,9139.99
1525791241835,9128.71,9139.42
1525791246564,9128.71,9139.42
1525791249749,9128.71,9139.42
1525791254377,9128.67,9139.40
1525791258175,9128.67,9139.13
1525791261882,9128.67,9132.61
1525791265439,9122.51,9132.60
1525791269110,9122.51,9132.60
1525791272636,9120.88,9131.91
1525791276760,9120.59,9131.91
1525791281722,9120.60,9131.91
1525791285540,9119.55,9129.53
1525791288786,9119.55,9129.53
1525791293321,9119.55,9129.52
1525791294834,9119.55,9129.52
1525791300836,9119.71,9129.17
1525791303230,9119.71,9129.17
1525791307735,9119.71,9129.17
1525791311361,9119.90,9129.17
1525791315134,9119.90,9129.17
1525791315134,9119.90,9129.17
1525791322944,9129.17,9129.99
1525791325486,9129.17,9129.99
1525791329706,9129.17,9129.99
1525791333714,9129.17,9130.00
1525791336547,9129.17,9130.00
1525791340553,9122.28,9129.17
1525791345167,9122.28,9129.17
1525791348812,9122.28,9129.17
1525791352826,9120.67,9129.80
1525791354703,9120.67,9129.80
1525791359847,9119.55,9122.28
1525791363212,9119.55,9122.28
1525791367430,9117.11,9122.27
1525791370602,9115.10,9122.27
1525791374748,9122.27,9128.67
1525791378746,9122.27,9128.67
1525791381922,9119.54,9128.67
1525791385331,9128.67,9128.99
1525791388309,9128.67,9128.99
1525791392211,9128.67,9128.99
1525791395734,9128.67,9128.99
1525791400815,9128.67,9128.99
1525791403964,9128.67,9128.99
1525791407838,9119.54,9128.99
1525791412291,9119.54,9128.99
1525791415488,9120.04,9128.99
1525791418409,9120.04,9128.99
1525791423594,9120.12,9128.99
1525791426774,9128.99,9129.99
1525791429720,9120.55,9129.90
1525791435544,9120.55,9129.90
1525791438584,9120.55,9129.90
1525791443027,9120.55,9129.90
1525791446201,9118.94,9129.90
1525791449674,9118.29,9129.90
1525791453406,9118.29,9129.90
1525791458159,9118.29,9129.40
1525791459717,9116.92,9129.70
1525791464762,9116.92,9129.70
1525791468890,9116.92,9129.70
1525791471795,9117.05,9128.34
1525791476498,9117.05,9128.34
1525791480998,9117.06,9128.61
1525791485162,9117.01,9128.21
1525791488920,9117.01,9128.21
1525791491789,9117.01,9127.89
1525791495514,9116.61,9128.67
1525791499926,9119.54,9128.55
1525791502101,9119.54,9128.55
1525791507522,9119.54,9129.90
1525791511025,9119.55,9129.16
1525791515166,9119.55,9129.16
1525791519020,9119.55,9129.16
1525791524416,9119.55,9129.99
1525791528067,9119.55,9129.99
1525791531932,9119.55,9130.00
1525791535606,9119.55,9129.90
1525791540014,9119.71,9129.99
1525791542326,9119.71,9129.99
1525791547758,9119.71,9130.00
1525791551352,9119.71,9130.00
1525791555591,9119.60,9130.00
1525791559253,9119.60,9130.00
1525791562798,9123.57,9130.00
1525791567766,9119.84,9130.00
1525791570787,9120.15,9130.00
1525791575274,9120.05,9130.00
1525791577979,9120.05,9130.00
1525791582654,9120.05,9130.00
1525791585926,9120.12,9130.00
1525791590597,9123.97,9130.00
1525791594133,9123.97,9130.00
1525791597553,9124.20,9130.00
1525791601655,9124.10,9130.00
1525791605327,9124.10,9130.00
1525791608944,9124.11,9130.00
1525791613476,9124.17,9130.00
1525791616075,9124.17,9130.00
1525791618912,9124.17,9130.00
1525791624644,9124.00,9130.00
1525791628065,9124.00,9130.00
1525791631938,9124.00,9130.00
1525791636702,9129.99,9130.00
1525791640137,9129.99,9130.00
1525791642819,9129.99,9130.00
1525791647931,9124.01,9130.00
1525791651225,9124.01,9130.00
1525791655061,9124.01,9130.00
1525791659105,9124.01,9130.00
1525791660746,9125.44,9137.90
1525791666514,9125.51,9137.56
1525791670871,9125.51,9137.56
1525791672654,9125.51,9137.56
1525791676990,9126.75,9137.90
1525791681761,9137.56,9137.90
1525791686009,9137.56,9137.90
1525791690311,9137.56,9137.90
1525791693102,9137.56,9137.90
1525791697268,9128.76,9137.89
1525791702075,9128.76,9137.89
1525791704085,9128.76,9137.89
1525791704085,9128.76,9137.89
1525791704085,9128.76,9137.89
1525791704085,9128.76,9137.89
1525791704085,9128.76,9137.89
1525791704085,9128.76,9137.89
1525791704085,9128.76,9137.89
1525791704085,9128.76,9137.89
1525791704085,9128.76,9137.89
1525791704085,9128.76,9137.89
1525791704085,9128.76,9137.89
1525791704085,9128.76,9137.89
1525791704085,9128.76,9137.89
1525791704085,9128.76,9137.89
1525791704085,9128.76,9137.89
1525791704085,9128.76,9137.89
1525791771610,9141.00,9142.60
1525791778226,9136.07,9136.08
1525791781190,9136.07,9136.08
1525791785323,9136.07,9136.08
1525791788588,9128.74,9141.60
1525791794236,9128.74,9139.72
1525791797989,9128.74,9138.17
1525791801149,9128.74,9138.17
1525791805751,9128.74,9137.21
1525791809151,9128.74,9138.14
1525791815346,9128.88,9140.91
1525791818952,9128.88,9140.91
1525791822141,9128.88,9140.90
1525791826726,9128.88,9140.90
1525791830182,9130.00,9140.99
1525791833537,9131.93,9140.99
1525791835937,9131.93,9140.99
1525791840409,9131.07,9140.99
1525791845168,9131.36,9141.24
1525791848656,9132.19,9141.24
1525791852123,9132.19,9141.24
1525791855725,9132.61,9141.24
1525791859392,9132.62,9141.24
1525791864143,9132.62,9141.24
1525791868384,9136.88,9141.24
1525791871897,9136.89,9141.24
1525791875225,9136.89,9141.24
1525791878524,9136.89,9141.24
1525791882885,9136.89,9141.24
1525791886980,9137.01,9141.24
1525791889428,9137.01,9141.24
1525791894405,9137.01,9141.24
1525791897711,9137.25,9141.24
1525791900915,9137.25,9141.24
1525791904433,9137.26,9141.24
1525791908253,9137.26,9141.99
1525791913784,9137.26,9140.24
1525791916309,9137.26,9140.24
1525791920959,9137.27,9141.99
1525791924829,9140.39,9142.99
1525791928661,9140.40,9142.99
1525791932803,9140.40,9142.99
1525791936822,9140.42,9142.99
1525791940249,9140.43,9144.92
1525791943823,9140.43,9144.92
1525791948327,9140.43,9144.92
1525791952439,9139.82,9145.00
1525791956520,9139.82,9145.00
1525791959652,9139.82,9145.00
1525791963549,9139.90,9145.00
1525791967008,9140.00,9147.14
1525791970997,9140.00,9147.14
1525791974441,9140.00,9147.14
1525791978397,9147.70,9152.99
1525791983673,9144.99,9152.99
1525791986753,9144.99,9152.99
1525791990595,9145.00,9152.99
1525791995472,9145.00,9152.99
1525791998552,9145.20,9154.80
1525792001861,9145.20,9154.80
1525792004812,9145.21,9154.79
1525792009264,9145.21,9154.79
1525792013895,9145.21,9154.60
1525792017278,9145.21,9154.60
1525792021643,9143.09,9154.41
1525792025180,9143.09,9154.41
1525792028939,9142.40,9153.70
1525792032945,9142.40,9153.70
1525792036229,9142.40,9153.70
1525792039621,9142.58,9152.00
1525792043515,9142.58,9151.71
1525792047899,9142.58,9151.71
1525792050656,9142.58,9151.71
1525792054643,9142.58,9152.00
1525792059171,9142.78,9151.99
1525792063124,9142.78,9151.99
1525792066121,9143.24,9151.99
1525792070152,9140.00,9142.58
1525792074200,9140.00,9142.58
1525792078459,9140.00,9142.58
1525792080851,9140.68,9143.00
1525792086444,9140.68,9143.00
1525792090001,9140.88,9149.80
1525792093708,9140.88,9149.80
1525792096528,9143.46,9149.80
1525792100399,9143.46,9149.79
1525792105707,9142.58,9149.79
1525792109495,9142.58,9149.79
1525792112371,9142.58,9149.79
1525792116703,9144.00,9149.79
1525792120661,9142.58,9149.79
1525792124329,9142.58,9149.79
1525792128094,9142.58,9149.79
1525792131719,9141.00,9149.80
1525792135620,9141.00,9149.80
1525792138918,9144.00,9149.80
1525792142225,9141.38,9149.80
1525792147116,9140.60,9149.80
1525792149980,9140.60,9149.80
1525792153721,9140.61,9149.80
1525792157828,9141.00,9149.80
1525792161822,9141.00,9149.80
1525792166068,9141.00,9149.80
1525792169174,9141.00,9149.80
1525792173492,9141.01,9149.80
1525792178216,9141.01,9149.80
1525792181661,9141.01,9149.80
1525792185132,9141.01,9149.99
1525792187256,9141.01,9152.28
1525792191984,9141.01,9152.28
1525792196745,9141.20,9152.38
1525792200033,9141.20,9152.38
1525792204543,9141.11,9152.39
1525792207446,9141.11,9152.39
1525792209888,9142.00,9152.38
1525792215647,9142.00,9152.38
1525792219005,9142.01,9152.39
1525792223765,9142.00,9152.38
1525792226361,9142.00,9152.38
1525792231056,9142.00,9152.38
1525792234456,9142.00,9152.37
1525792239564,9142.01,9152.37
1525792242213,9142.01,9152.37
1525792242213,9142.01,9152.37
1525792247982,9142.01,9149.47
1525792253524,9142.01,9149.47
1525792253524,9142.01,9149.47
1525792259307,9143.12,9148.29
1525792265460,9143.12,9148.29
1525792265460,9143.12,9148.29
1525792271000,9143.13,9148.99
1525792275815,9143.13,9147.99
1525792281029,9143.13,9147.99
1525792285902,9143.13,9147.99
1525792289445,9143.13,9147.36
1525792292560,9143.13,9147.79
1525792296961,9143.13,9147.79
1525792300457,9142.00,9142.01
1525792304544,9140.00,9141.90
1525792308229,9137.99,9141.99
1525792311837,9137.99,9141.99
1525792314430,9137.99,9143.24
1525792318757,9137.99,9143.23
1525792322308,9137.99,9143.23
1525792326511,9137.99,9143.23
1525792328955,9137.99,9141.56
1525792333742,9137.99,9141.56
1525792337528,9137.99,9141.56
1525792341060,9134.69,9143.14
1525792346694,9134.69,9143.14
1525792346694,9134.69,9143.14
1525792352213,9134.69,9140.12
1525792357710,9134.69,9140.12
1525792357710,9134.69,9140.12
1525792363348,9134.69,9140.99
1525792369201,9134.69,9141.19
1525792373334,9134.69,9139.69
1525792376907,9134.69,9139.69
1525792376907,9134.69,9139.69
1525792382431,9134.69,9139.69
1525792388185,9134.69,9139.47
1525792390958,9131.88,9133.90
1525792396753,9128.74,9128.90
1525792396753,9128.74,9128.90
1525792405452,9124.07,9127.65
1525792409494,9125.63,9127.65
1525792412233,9125.63,9127.65
1525792416868,9125.63,9127.65
1525792420234,9120.65,9127.64
1525792422809,9120.65,9127.64
1525792427498,9120.05,9127.80
1525792431608,9124.07,9124.08
1525792435413,9124.07,9124.08
1525792439232,9124.07,9124.08
1525792442440,9121.39,9126.00
1525792446081,9119.54,9126.00
1525792449568,9119.54,9126.00
1525792453031,9119.54,9126.00
1525792457363,9120.32,9126.00
1525792461432,9120.32,9126.00
1525792464715,9120.32,9136.00
1525792469161,9120.33,9132.62
1525792471621,9120.33,9132.62
1525792475961,9121.33,9136.98
1525792481072,9121.33,9136.98
1525792484845,9133.60,9136.98
1525792488398,9133.71,9137.90
1525792491697,9133.71,9137.90
1525792494950,9133.71,9137.90
1525792499407,9138.20,9146.99
1525792503632,9138.20,9146.99
1525792507876,9138.45,9146.99
1525792510293,9138.81,9146.99
1525792515748,9138.82,9147.09
1525792519280,9138.97,9147.09
1525792520354,9138.97,9147.09
1525792526688,9138.97,9147.09
1525792529913,9138.97,9147.09
1525792532275,9141.25,9147.09
1525792537893,9141.40,9147.09
1525792542307,9141.40,9147.09
1525792545684,9141.40,9151.99
1525792549156,9141.40,9151.99
1525792553001,9141.41,9151.99
1525792556708,9141.27,9154.32
1525792561261,9141.59,9152.05
1525792565316,9141.59,9152.05
1525792569160,9141.59,9152.95
1525792572877,9141.72,9151.71
1525792576301,9141.72,9151.52
1525792579491,9141.72,9151.52
1525792584955,9141.26,9151.52
1525792587702,9141.60,9151.99
1525792592555,9142.20,9151.99
1525792596515,9141.60,9151.99
1525792599254,9141.60,9151.99
1525792603612,9142.21,9151.99
1525792606596,9142.40,9151.99
1525792611116,9142.37,9151.99
1525792614786,9142.37,9151.99
1525792618725,9142.37,9151.99
1525792621623,9142.37,9151.99
1525792625456,9142.38,9151.99
1525792628453,9142.36,9152.99
1525792632497,9142.36,9152.99
1525792636709,9142.36,9152.99
1525792640221,9143.01,9152.99
1525792641580,9143.01,9152.99
1525792648131,9147.13,9153.66
1525792651136,9147.13,9153.66
1525792655561,9147.13,9153.53
1525792658155,9147.13,9153.36
1525792662889,9147.13,9153.36
1525792662889,9147.13,9153.36
1525792670335,9147.13,9153.22
1525792673670,9147.13,9153.22
1525792677652,9143.00,9153.22
1525792680807,9143.00,9153.22
1525792686405,9143.00,9151.50
1525792697594,9143.00,9151.50
1525792699793,9143.00,9151.49
1525792705619,9143.00,9151.49
1525792707137,9143.00,9151.49
1525792712934,9150.52,9151.50
1525792716279,9145.00,9150.49
1525792717924,9145.00,9150.49
1525792717924,9145.00,9150.49
1525792717924,9145.00,9150.49
1525792717924,9145.00,9150.49
1525792717924,9145.00,9150.49
1525792717924,9145.00,9150.49
1525792717924,9145.00,9150.49
1525792717924,9145.00,9150.49
1525792750013,9145.00,9152.58
1525792753956,9145.00,9145.01
1525792757138,9145.00,9145.01
1525792761480,9145.00,9145.01
1525792764512,9145.00,9145.01
1525792768911,9145.00,9145.01
1525792773117,9145.00,9145.01
1525792776771,9145.00,9152.67
1525792780220,9145.01,9152.58
1525792784531,9145.02,9152.67
1525792788592,9145.02,9152.67
1525792792255,9145.03,9152.67
1525792795914,9145.03,9152.67
1525792799754,9145.03,9152.74
1525792802206,9145.03,9152.74
1525792806654,9145.03,9153.24
1525792811653,9145.03,9153.24
1525792815176,9145.03,9153.24
1525792819017,9145.03,9153.21
1525792822439,9145.03,9153.18
1525792825652,9145.03,9153.18
1525792829125,9145.03,9153.24
1525792832690,9145.03,9153.24
1525792836932,9145.22,9153.00
1525792840809,9145.22,9153.00
1525792844650,9145.28,9153.00
1525792847007,9145.28,9153.00
1525792852215,9147.30,9153.00
1525792855471,9147.30,9153.00
1525792858984,9147.31,9155.02
1525792862514,9145.73,9155.02
1525792866689,9145.73,9155.02
1525792870177,9145.73,9155.02
1525792875325,9145.74,9155.02
1525792879313,9145.74,9155.02
1525792883643,9145.74,9155.02
1525792886872,9145.74,9155.02
1525792890945,9145.74,9155.02
1525792895366,9145.74,9155.02
1525792898499,9145.74,9155.02
1525792901752,9145.74,9155.02
1525792906220,9145.74,9155.02
1525792910293,9145.74,9155.02
1525792912908,9145.74,9155.02
1525792917518,9145.74,9155.02
1525792920990,9145.00,9155.02
1525792925120,9145.00,9154.25
1525792927821,9145.00,9154.25
1525792931647,9146.00,9153.33
1525792936126,9143.00,9145.00
1525792939521,9143.00,9145.00
1525792942714,9143.00,9145.00
1525792946854,9143.00,9145.00
1525792950191,9143.00,9145.00
1525792954181,9143.00,9145.99
1525792957773,9143.00,9145.99
1525792961465,9143.00,9145.99
1525792964036,9143.00,9145.99
1525792969097,9146.05,9150.96
1525792972666,9146.05,9150.96
1525792977758,9134.06,9134.08
1525792980539,9134.06,9134.08
1525792982065,9134.06,9134.08
1525792988256,9128.76,9130.39
1525792992032,9128.76,9130.39
1525792996528,9128.76,9137.66
1525792999267,9131.94,9133.21
1525793004077,9131.94,9133.21
1525793008615,9131.94,9133.21
1525793008615,9131.94,9133.21
1525793018672,9132.02,9133.14
1525793021768,9135.55,9137.78
1525793026323,9140.30,9142.34
1525793030166,9140.30,9142.34
1525793035250,9140.20,9140.21
1525793038588,9140.20,9140.21
1525793042525,9140.05,9142.34
1525793045998,9140.05,9142.34
1525793048603,9140.30,9142.34
1525793052693,9141.91,9142.34
1525793055780,9141.91,9142.34
1525793060557,9140.30,9142.34
1525793063455,9140.10,9140.99
1525793069385,9140.10,9140.99
1525793071768,9140.10,9140.99
1525793076435,9135.80,9138.44
1525793080655,9135.80,9138.44
1525793083314,9135.80,9138.44
1525793087272,9135.80,9140.30
1525793091033,9135.90,9140.30
1525793094896,9135.81,9140.30
1525793099660,9135.81,9140.30
1525793102125,9135.81,9140.30
1525793107223,9135.91,9140.30
1525793110900,9133.20,9133.77
1525793116168,9135.91,9140.30
1525793121373,9133.20,9142.05
1525793124940,9133.20,9142.05
1525793128712,9135.80,9142.74
1525793132280,9135.00,9135.81
1525793135720,9135.00,9135.81
1525793138825,9136.00,9136.01
1525793143004,9136.00,9136.01
1525793147128,9136.00,9136.01
1525793149925,9136.00,9136.01
1525793154526,9136.00,9136.01
1525793157359,9136.00,9136.01
1525793160803,9135.00,9135.01
1525793166330,9135.00,9135.01
1525793169997,9135.00,9135.01
1525793174458,9135.00,9135.01
1525793177232,9135.00,9135.01
1525793181009,9135.00,9135.01
1525793185356,9135.00,9135.01
1525793189220,9135.00,9135.01
1525793192157,9123.22,9123.91
1525793196057,9123.22,9123.91
1525793200841,9133.20,9134.99
1525793203213,9120.00,9127.91
1525793208299,9120.00,9122.62
1525793211642,9120.00,9122.62
1525793215754,9122.90,9131.65
1525793219978,9122.96,9131.99
1525793222158,9123.11,9131.99
1525793227537,9123.11,9131.99
1525793231027,9123.11,9131.99
1525793232143,9119.45,9131.83
1525793238597,9119.45,9131.83
1525793242239,9115.22,9131.82
1525793245767,9115.22,9131.82
1525793250144,9126.33,9131.98
1525793253932,9126.33,9131.98
1525793257596,9120.90,9131.99
1525793260019,9120.90,9131.99
1525793264456,9131.06,9131.99
1525793267869,9131.07,9131.99
1525793272459,9131.07,9131.99
1525793275868,9131.07,9131.99
1525793279242,9132.00,9136.99
1525793281552,9132.00,9136.99
1525793286594,9132.00,9136.99
1525793291010,9132.00,9136.99
1525793294758,9132.00,9136.99
1525793298612,9132.00,9136.99
1525793301945,9133.19,9136.99
1525793305210,9132.00,9136.99
1525793309320,9132.00,9136.99
1525793313212,9132.00,9136.99
1525793314347,9132.00,9136.99
1525793320810,9126.50,9137.49
1525793322045,9126.50,9137.49
1525793328541,9120.90,9137.50
1525793332289,9130.60,9134.25
1525793336074,9130.70,9130.71
1525793341058,9124.35,9130.71
1525793342226,9124.35,9130.71
1525793348232,9125.81,9138.09
1525793351842,9125.81,9138.09
1525793355108,9125.70,9139.07
1525793357608,9125.82,9138.67
1525793363398,9125.82,9138.67
1525793366507,9125.82,9138.67
1525793370005,9125.82,9138.67
1525793374205,9121.20,9135.13
1525793378157,9121.70,9125.12
1525793381587,9121.70,9125.12
1525793386297,9122.00,9127.10
1525793389832,9127.81,9135.76
1525793393998,9127.81,9135.76
1525793397204,9121.91,9133.74
1525793402032,9120.90,9122.16
1525793405452,9120.90,9122.16
1525793408128,9120.93,9122.16
1525793413369,9120.90,9120.91
1525793416941,9120.90,9120.91
1525793420539,9120.90,9120.91
1525793424184,9120.90,9120.91
1525793427599,9120.90,9120.91
1525793431947,9120.90,9123.01
1525793434303,9120.90,9120.91
1525793438598,9120.90,9120.91
1525793442430,9120.90,9120.91
1525793446726,9113.98,9116.03
1525793450660,9114.42,9115.43
1525793454578,9114.42,9115.43
1525793457211,9114.42,9115.43
1525793462112,9114.62,9126.50
1525793465328,9114.62,9126.50
1525793469408,9110.52,9113.91
1525793473157,9110.52,9113.91
1525793475687,9113.23,9128.38
1525793480029,9119.94,9125.73
1525793484287,9119.94,9125.73
1525793488700,9113.23,9119.87
1525793491901,9113.23,9119.87
1525793496009,9114.00,9119.87
1525793499452,9114.00,9119.87
1525793502964,9120.00,9127.66
1525793506642,9120.00,9127.66
1525793511047,9120.00,9127.66
1525793515227,9114.79,9127.59
1525793518288,9114.33,9124.24
1525793521130,9114.33,9124.24
1525793526828,9110.36,9124.10
1525793530435,9110.36,9124.23
1525793534451,9111.36,9113.79
1525793536863,9111.36,9113.79
1525793542469,9111.61,9113.78
1525793546033,9113.80,9122.86
1525793549585,9113.80,9122.86
1525793553599,9115.13,9129.70
1525793557080,9115.13,9129.70
1525793562125,9123.87,9130.00
1525793565725,9115.13,9129.70
1525793567986,9115.13,9129.70
1525793572242,9129.99,9130.00
1525793576125,9129.99,9130.00
1525793579757,9129.74,9130.00
1525793583787,9129.74,9130.00
1525793588949,9129.74,9130.00
1525793593572,9129.75,9130.00
1525793598114,9128.82,9130.00
1525793598114,9128.82,9130.00
1525793604758,9128.82,9130.00
1525793609244,9139.62,9144.99
1525793612805,9136.53,9141.83
1525793615992,9136.53,9141.83
1525793619953,9139.70,9148.23
1525793624126,9137.74,9148.22
1525793626944,9137.74,9148.22
1525793630940,9137.74,9148.22
1525793632085,9137.74,9148.22
1525793637076,9139.71,9147.98
1525793640765,9139.71,9147.98
1525793645348,9132.90,9132.91
1525793649732,9132.90,9132.91
1525793653361,9133.78,9134.00
1525793656181,9133.78,9134.00
1525793659976,9133.78,9134.00
1525793664202,9132.90,9132.91
1525793667452,9134.80,9145.43
1525793671293,9134.80,9145.43
1525793674401,9134.80,9145.42
1525793680077,9134.80,9145.42
1525793680077,9134.80,9145.42
1525793686851,9133.33,9145.23
1525793686851,9133.33,9145.23
1525793695366,9132.50,9144.45
1525793698668,9132.50,9144.45
1525793698668,9132.50,9144.45
1525793706877,9132.50,9141.86
1525793710229,9132.50,9141.86
1525793714894,9132.50,9141.86
1525793719050,9132.50,9142.01
1525793720029,9132.50,9142.01
1525793726056,9132.50,9142.36
1525793729640,9132.50,9140.93
1525793733640,9132.50,9140.93
1525793735809,9132.50,9132.51
1525793740707,9132.50,9136.22
1525793744090,9132.50,9136.22
1525793748323,9132.50,9136.22
1525793750912,9132.50,9140.99
1525793755546,9132.50,9140.99
1525793759433,9132.50,9140.98
1525793763194,9132.50,9140.99
1525793767223,9132.50,9140.99
1525793770872,9132.50,9140.99
1525793774810,9132.50,9142.19
1525793778593,9133.90,9143.99
1525793782070,9133.90,9143.99
1525793785979,9133.90,9142.00
1525793789573,9133.90,9143.99
1525793793112,9133.91,9136.00
1525793797384,9133.91,9136.00
1525793801736,9133.91,9136.00
1525793804929,9128.66,9128.67
1525793808417,9128.66,9140.74
1525793812732,9128.66,9140.74
1525793816857,9135.89,9145.72
1525793820807,9135.90,9139.99
1525793824607,9128.91,9139.99
1525793828329,9128.91,9139.99
1525793832300,9128.67,9139.99
1525793833627,9128.67,9139.99
1525793840049,9128.70,9139.90
1525793843693,9128.70,9139.90
1525793847782,9128.70,9139.90
1525793850846,9129.18,9139.99
1525793854791,9129.18,9139.99
1525793859277,9129.17,9139.99
1525793862539,9129.17,9139.99
1525793866759,9129.18,9130.56
1525793869443,9129.18,9130.56
1525793873172,9129.20,9139.99
1525793876690,9129.20,9139.99
1525793880475,9129.20,9139.99
1525793884984,9129.69,9139.99
1525793888859,9129.69,9139.99
1525793890218,9129.70,9140.00
1525793895760,9129.70,9140.00
1525793898448,9129.70,9140.00
1525793903788,9129.71,9140.00
1525793907304,9129.69,9140.00
1525793910713,9129.85,9140.00
1525793914722,9129.85,9140.00
1525793917577,9129.89,9140.00
1525793921402,9129.95,9140.00
1525793925876,9129.95,9140.00
1525793928813,9129.95,9140.00
1525793933536,9129.95,9140.00
1525793936273,9129.96,9140.00
1525793939018,9129.96,9140.00
1525793944596,9129.96,9140.00
1525793948067,9129.96,9140.00
1525793951357,9130.02,9140.00
1525793955585,9130.02,9140.00
1525793959535,9131.00,9139.90
1525793963036,9131.00,9140.00
1525793966575,9131.00,9140.00
1525793969478,9131.00,9139.90
1525793974142,9131.00,9139.90
1525793978629,9131.01,9139.99
1525793981481,9131.01,9139.99
1525793985725,9131.00,9140.00
1525793989380,9131.02,9139.89
1525793992119,9131.02,9139.89
1525793995639,9131.00,9139.88
1525793999584,9131.00,9139.88
1525794003790,9131.01,9139.89
1525794007331,9131.01,9139.89
1525794010920,9131.01,9139.89
1525794014725,9131.01,9139.99
1525794019090,9131.00,9139.99
1525794021293,9131.00,9139.99
1525794026454,9131.00,9139.98
1525794030140,9131.00,9131.50
1525794033596,9131.17,9139.97
1525794037409,9131.60,9139.97
1525794041504,9131.60,9139.97
1525794045856,9131.60,9139.97
1525794049113,9131.92,9139.82
1525794052582,9131.92,9139.82
1525794055920,9131.89,9139.80
1525794060251,9128.66,9139.81
1525794061318,9128.66,9139.81
1525794068466,9132.00,9139.70
1525794070990,9132.00,9139.70
1525794076329,9132.00,9138.29
1525794078138,9132.00,9139.74
1525794081532,9132.00,9139.74
1525794087178,9132.00,9139.74
1525794090572,9132.16,9139.99
1525794094769,9132.16,9139.99
1525794098923,9132.16,9139.99
1525794101993,9132.16,9139.99
1525794105867,9132.16,9139.99
1525794110330,9132.84,9139.99
1525794113269,9132.84,9139.99
1525794117254,9134.02,9139.99
1525794122796,9134.02,9139.99
1525794127298,9139.99,9140.00
1525794128920,9139.99,9140.00
1525794133963,9133.63,9140.00
1525794137421,9133.64,9139.99
1525794140851,9133.64,9139.99
1525794146428,9133.64,9140.00
1525794149657,9133.64,9140.00
1525794153739,9138.10,9146.99
1525794157323,9139.98,9150.89
1525794161547,9139.98,9150.89
1525794165876,9139.13,9150.86
1525794169044,9139.13,9150.86
1525794172730,9139.13,9150.86
1525794174939,9139.13,9150.86
1525794179923,9139.50,9150.86
1525794182132,9139.84,9150.86
1525794187907,9140.14,9150.86
1525794191578,9140.14,9150.86
1525794195222,9140.14,9150.86
1525794198123,9140.14,9150.86
1525794202609,9145.00,9150.86
1525794206268,9145.00,9150.86
1525794210342,9145.00,9150.86
1525794214180,9145.00,9150.86
1525794217084,9145.00,9150.86
1525794220688,9145.00,9150.86
1525794224281,9145.00,9150.86
1525794229716,9145.00,9150.86
1525794233508,9145.00,9150.88
1525794236867,9145.00,9150.88
1525794240785,9145.00,9150.86
1525794245285,9145.00,9150.85
1525794248548,9145.00,9150.85
1525794252640,9145.12,9150.99
1525794253780,9145.12,9150.99
1525794263478,9145.13,9150.66
1525794266490,9145.13,9150.66
1525794270953,9145.13,9150.66
1525794275324,9145.12,9150.99
1525794278288,9145.12,9150.99
1525794283234,9145.12,9155.99
1525794287273,9153.06,9153.58
1525794288398,9153.06,9153.58
1525794294714,9145.12,9153.57
1525794297897,9145.12,9153.57
1525794301229,9145.12,9153.57
1525794305153,9145.13,9153.57
1525794309373,9145.13,9153.50
1525794314134,9145.13,9153.50
1525794316628,9145.13,9153.50
1525794320586,9145.12,9153.49
1525794325017,9145.12,9153.57
1525794327616,9145.12,9153.49
1525794332893,9145.12,9153.49
1525794336146,9145.12,9153.56
1525794339985,9145.12,9153.56
1525794343267,9145.34,9153.56
1525794346518,9145.34,9153.56
1525794351345,9145.34,9153.56
1525794354820,9145.34,9153.56
1525794357995,9145.34,9153.56
1525794360366,9145.40,9155.98
1525794365896,9145.40,9155.98
1525794369587,9145.41,9155.98
1525794373028,9145.41,9155.98
1525794376152,9145.68,9155.98
1525794380999,9146.89,9155.97
1525794384420,9146.89,9155.97
1525794388415,9146.89,9155.97
1525794388415,9146.89,9155.97
1525794396309,9149.84,9155.95
1525794399820,9149.84,9155.95
1525794401341,9149.84,9155.95
1525794406743,9150.40,9155.95
1525794410722,9150.40,9155.95
1525794414354,9145.20,9155.68
1525794419025,9151.00,9155.67
1525794421540,9151.00,9155.67
1525794425165,9151.00,9155.67
1525794425165,9151.00,9155.67
1525794434772,9144.00,9150.99
1525794437797,9144.00,9150.98
1525794441539,9144.03,9156.20
1525794446237,9144.03,9156.20
1525794450073,9154.54,9155.40
1525794452605,9154.54,9155.40
1525794456787,9152.68,9155.40
1525794459661,9152.68,9155.40
1525794464346,9150.80,9155.39
1525794467442,9152.86,9155.39
1525794471436,9152.86,9155.39
1525794474915,9152.86,9155.39
1525794478706,9152.86,9155.02
1525794478706,9152.86,9155.02
1525794485688,9152.86,9155.39
1525794490228,9147.70,9152.00
1525794494288,9147.24,9154.90
1525794497810,9144.33,9156.24
1525794502192,9147.24,9154.90
1525794505448,9147.24,9154.90
1525794509233,9153.59,9159.98
1525794513320,9153.59,9159.98
1525794514460,9147.60,9156.24
1525794514460,9147.60,9156.24
1525794524423,9156.65,9159.99
1525794528869,9160.01,9165.19
1525794532173,9156.21,9166.40
1525794536257,9154.50,9158.12
1525794539323,9154.50,9158.12
1525794543113,9154.50,9158.12
1525794546531,9154.33,9165.03
1525794550493,9154.47,9164.98
1525794554517,9154.47,9164.98
1525794558077,9154.33,9164.82
1525794562982,9154.46,9164.97
1525794568355,9154.46,9165.17
1525794572082,9154.46,9165.17
1525794575959,9152.38,9164.18
1525794579537,9152.38,9164.18
1525794583890,9152.38,9164.18
1525794587318,9152.42,9164.07
1525794594454,9154.54,9163.09
1525794601056,9152.00,9164.67
1525794603434,9152.00,9164.67
1525794609339,9152.00,9163.27
1525794613418,9152.00,9163.27
1525794620065,9152.15,9163.97
1525794623648,9152.15,9163.97
1525794628012,9152.00,9163.54
1525794631847,9152.01,9163.54
1525794635766,9152.01,9163.54
1525794638062,9152.00,9163.54
1525794643169,9151.00,9151.10
1525794646909,9147.08,9151.09
1525794651619,9147.08,9151.09
1525794654137,9147.08,9151.09
1525794658432,9147.08,9151.09
1525794662467,9147.08,9151.09
1525794666648,9143.38,9151.09
1525794670045,9143.38,9151.09
1525794672037,9143.72,9151.09
1525794676600,9143.72,9151.09
1525794680665,9143.72,9151.09
1525794683712,9146.42,9151.09
1525794695585,9144.20,9151.09
1525794701907,9144.84,9151.09
1525794706610,9144.87,9151.09
1525794708168,9144.87,9151.09
1525794713785,9144.30,9151.09
1525794718036,9144.70,9151.09
1525794721564,9151.09,9156.19
1525794724743,9151.09,9156.19
1525794730078,9147.04,9156.19
1525794733919,9147.05,9159.20
1525794736502,9147.05,9159.20
1525794740580,9147.04,9156.19
1525794744959,9147.04,9156.19
1525794748253,9147.05,9159.20
1525794752612,9147.93,9160.00
1525794756146,9148.05,9159.87
1525794759996,9148.05,9159.87
1525794763561,9152.09,9160.00
1525794766824,9152.09,9160.00
1525794770871,9152.09,9160.00
1525794774008,9149.22,9160.00
1525794779870,9149.51,9160.00
1525794783276,9152.01,9160.00
1525794786943,9152.01,9160.00
1525794791193,9151.90,9160.75
1525794795164,9151.90,9160.75
1525794798923,9156.28,9165.45
1525794802220,9156.28,9165.45
1525794806847,9156.28,9165.16
1525794811057,9156.28,9165.16
1525794815605,9156.29,9166.21
1525794819107,9154.12,9166.20
1525794823579,9154.12,9166.20
1525794827013,9154.12,9166.20
1525794830236,9153.50,9166.20
1525794831232,9153.50,9166.20
1525794837686,9154.30,9166.39
1525794841409,9154.30,9166.39
1525794845186,9154.30,9166.39
1525794847633,9154.80,9165.00
1525794847633,9154.80,9165.00
1525794855390,9154.80,9164.99
1525794859222,9154.80,9164.99
1525794868507,9154.80,9164.99
1525794872156,9155.80,9164.99
1525794876576,9155.80,9164.99
1525794880111,9160.00,9164.99
1525794884134,9160.00,9164.99
1525794884134,9160.00,9164.99
1525794892101,9166.40,9166.99
1525794895318,9160.00,9165.40
1525794898924,9160.20,9166.99
1525794901664,9160.10,9166.99
1525794906639,9160.11,9166.99
1525794910852,9160.11,9166.99
1525794913509,9160.11,9166.99
1525794917792,9160.11,9166.99
1525794921557,9160.11,9166.99
1525794926332,9160.00,9166.85
1525794929912,9160.00,9166.85
1525794933918,9160.00,9166.99
1525794938462,9160.20,9167.83
1525794941791,9160.20,9167.83
1525794945120,9160.20,9167.99
1525794949952,9160.00,9167.88
1525794953130,9160.00,9167.88
1525794956471,9160.00,9167.88
1525794956471,9160.00,9167.88
1525794965413,9160.00,9167.64
1525794968016,9160.10,9167.99
1525794973744,9160.10,9168.99
1525794977448,9160.10,9168.99
1525794981468,9160.10,9167.99
1525794985173,9160.00,9168.34
1525794988686,9160.00,9168.34
1525794992257,9160.00,9167.99
1525794996717,9160.00,9167.99
1525795000429,9160.00,9168.76
1525795003080,9160.00,9168.76
1525795007307,9163.76,9169.09
1525795011401,9163.76,9169.09
1525795014380,9163.76,9169.09
1525795018003,9169.10,9170.76
1525795022160,9169.10,9170.76
1525795025426,9169.10,9170.76
1525795029500,9169.10,9170.76
1525795033360,9169.10,9170.76
1525795037287,9169.10,9170.76
1525795041027,9169.10,9170.76
1525795044425,9173.11,9174.66
1525795046146,9173.11,9174.66
1525795046146,9173.11,9174.66
1525795056052,9169.10,9172.49
1525795059771,9172.49,9172.99
1525795063392,9172.49,9172.99
1525795067821,9169.10,9174.78
1525795071485,9169.10,9174.78
1525795074258,9169.10,9174.78
1525795077044,9169.10,9174.68
1525795082155,9169.10,9174.78
1525795086516,9169.10,9174.78
1525795089386,9169.10,9174.78
1525795093857,9169.10,9174.78
1525795096809,9169.10,9177.99
1525795100035,9169.10,9177.99
1525795105372,9169.10,9177.99
1525795108987,9169.10,9177.99
1525795112720,9169.10,9171.60
1525795115624,9169.10,9171.60
1525795120204,9169.10,9171.60
1525795124003,9169.10,9171.60
1525795126952,9169.10,9171.60
1525795131852,9169.10,9171.60
1525795136212,9169.10,9171.60
1525795139129,9169.10,9171.60
1525795142265,9169.10,9171.60
1525795148102,9169.10,9171.60
1525795151798,9165.49,9171.60
1525795152986,9165.49,9171.60
1525795158683,9165.49,9171.60
1525795162817,9182.99,9183.90
1525795166172,9182.99,9183.90
1525795170540,9174.80,9179.99
1525795173675,9174.73,9176.67
1525795177663,9174.73,9176.67
1525795180353,9174.73,9176.67
1525795184845,9174.73,9176.99
1525795187955,9174.73,9176.99
1525795192417,9174.73,9178.80
1525795194802,9174.73,9178.80
1525795194802,9174.73,9178.80
1525795203657,9174.73,9178.77
1525795207315,9174.73,9178.70
1525795211357,9174.73,9178.70
1525795215392,9174.73,9174.74
1525795218194,9174.72,9174.74
1525795222670,9165.49,9174.71
1525795225276,9165.49,9174.71
1525795230908,9165.49,9174.71
1525795234683,9156.23,9157.15
1525795237446,9156.23,9157.15
1525795241350,9151.06,9151.10
1525795245585,9165.49,9174.00
1525795248850,9165.49,9174.00
1525795252714,9147.03,9150.64
1525795256531,9151.06,9151.10
1525795260900,9147.03,9150.63
1525795264612,9147.03,9150.63
1525795264612,9147.03,9150.63
1525795272263,9151.06,9156.26
1525795275728,9151.06,9156.26
1525795279814,9144.30,9151.06
1525795283278,9151.26,9167.72
1525795287273,9151.26,9167.72
1525795290539,9154.10,9165.49
1525795293038,9154.10,9165.49
1525795298519,9155.10,9165.49
1525795301596,9155.02,9165.49
1525795306847,9155.10,9165.49
1525795311868,9156.55,9165.49
1525795315212,9156.55,9165.49
1525795318722,9156.70,9165.49
1525795322124,9156.70,9165.49
1525795325469,9156.70,9165.49
1525795330300,9157.78,9165.49
1525795332988,9158.60,9165.49
1525795337807,9158.60,9165.49
1525795340684,9158.61,9165.49
1525795344597,9156.70,9165.49
1525795348600,9156.70,9165.49
1525795352382,9157.10,9165.49
1525795355533,9158.10,9165.49
1525795359224,9158.61,9165.49
1525795363990,9158.61,9165.49
1525795365413,9160.11,9165.49
1525795370671,9155.40,9165.48
1525795373655,9155.40,9165.48
1525795377864,9160.01,9164.11
1525795381593,9160.01,9164.11
1525795385272,9160.01,9164.11
1525795389057,9153.25,9164.91
1525795392532,9153.25,9164.90
1525795395903,9153.25,9163.00
1525795400595,9153.25,9163.00
1525795403560,9153.25,9163.00
1525795406464,9153.25,9163.00
1525795411764,9153.25,9163.00
1525795415697,9153.25,9163.00
1525795418837,9155.10,9164.68
1525795420045,9155.10,9164.68
1525795436028,9155.00,9163.50
1525795438860,9155.00,9163.50
1525795442709,9155.00,9163.50
1525795448492,9155.00,9163.50
1525795452534,9155.00,9163.47
1525795455383,9155.00,9163.47
1525795459812,9155.00,9163.47
1525795463448,9155.00,9163.45
1525795467195,9151.06,9152.62
1525795470917,9151.06,9152.62
1525795474205,9151.06,9154.97
1525795478225,9155.00,9163.47
1525795482599,9155.00,9163.47
1525795485446,9151.06,9152.62
1525795489392,9147.12,9149.23
1525795493249,9147.12,9149.23
1525795496541,9147.12,9149.99
1525795500858,9147.13,9150.74
1525795502148,9147.13,9150.74
1525795505332,9147.13,9150.74
1525795516232,9147.13,9150.74
1525795519750,9147.13,9150.74
1525795522476,9147.13,9150.74
1525795526709,9147.13,9150.74
1525795530439,9147.13,9150.68
1525795534099,9147.13,9150.68
1525795538782,9147.13,9150.68
1525795541813,9147.13,9150.68
1525795545367,9147.13,9150.68
1525795549753,9144.12,9150.65
1525795553591,9144.12,9150.64
1525795555051,9144.12,9150.64
1525795555051,9144.12,9150.64
1525795562007,9144.12,9150.64
1525795568746,9144.12,9144.13
1525795570815,9144.12,9150.64
1525795576745,9144.12,9144.13
1525795580067,9144.12,9144.13
1525795583564,9144.12,9144.13
1525795586776,9144.12,9144.13
1525795591545,9144.12,9144.13
1525795593831,9144.12,9144.13
1525795595014,9144.12,9144.13
1525795602549,9144.12,9144.13
1525795606129,9144.12,9144.13
1525795609608,9144.12,9144.13
1525795612835,9144.12,9144.99
1525795616315,9144.12,9144.13
1525795620156,9144.12,9144.13
1525795625224,9144.20,9149.33
1525795627849,9144.30,9149.33
1525795632095,9144.21,9149.33
1525795635633,9144.21,9149.33
1525795638758,9144.31,9156.05
1525795642465,9149.34,9155.96
1525795647632,9149.34,9155.96
1525795650964,9149.34,9155.96
1525795650964,9149.34,9155.96
1525795658010,9149.34,9155.80
1525795662196,9149.34,9155.80
1525795666597,9149.34,9155.80
1525795668200,9149.34,9155.80
1525795673414,9149.34,9155.80
1525795677324,9149.34,9155.80
1525795677324,9149.34,9155.80
1525795685126,9149.34,9155.80
1525795687672,9149.34,9155.80
1525795693292,9149.34,9155.77
1525795695846,9149.34,9156.25
1525795700196,9149.34,9156.25
1525795704818,9149.34,9156.25
1525795708536,9155.77,9156.25
1525795711961,9149.34,9156.25
1525795714531,9149.34,9156.25
1525795719581,9158.84,9160.87
1525795721881,9158.84,9160.87
1525795726800,9158.84,9160.87
1525795730319,9155.77,9160.86
1525795733792,9155.77,9160.86
1525795737539,9155.77,9160.65
1525795742188,9155.77,9160.65
1525795745404,9151.69,9160.58
1525795749652,9151.69,9160.58
1525795752981,9151.69,9160.58
1525795757200,9151.69,9160.56
1525795760677,9151.69,9160.57
1525795763260,9151.69,9160.57
1525795768604,9151.80,9160.54
1525795770934,9151.80,9160.54
1525795775820,9151.92,9160.54
1525795778945,9151.92,9160.54
1525795783270,9151.92,9160.54
1525795787007,9151.92,9160.54
1525795790656,9151.92,9160.51
1525795794065,9151.92,9160.48
1525795798391,9151.92,9160.47
1525795801805,9151.92,9160.47
1525795805300,9151.92,9160.45
1525795808838,9151.92,9160.42
1525795813303,9151.92,9160.42
1525795816704,9151.92,9160.42
1525795820832,9151.92,9160.39
1525795824328,9151.92,9160.36
1525795826647,9151.92,9160.36
1525795831567,9151.92,9160.36
1525795836616,9153.36,9160.35
1525795840014,9153.36,9160.35
1525795844201,9153.36,9160.35
1525795848423,9154.62,9166.71
1525795852345,9154.62,9166.71
1525795859328,9154.72,9165.96
1525795864660,9154.66,9165.99
1525795867806,9154.73,9165.84
1525795871692,9154.73,9165.84
1525795875200,9155.20,9165.99
1525795880142,9155.20,9165.99
1525795884691,9155.39,9165.50
1525795887791,9155.39,9165.50
1525795890632,9155.39,9165.50
1525795894576,9149.33,9165.42
1525795899220,9151.60,9159.46
1525795902440,9151.60,9159.46
1525795906930,9152.11,9159.44
1525795909168,9152.11,9159.44
1525795913549,9149.34,9159.44
1525795917601,9148.15,9159.44
1525795918896,9148.15,9159.44
1525795925023,9148.15,9159.44
1525795927504,9148.83,9157.24
1525795932103,9148.98,9157.23
1525795933444,9148.98,9157.23
1525795939160,9148.98,9157.23
1525795944808,9148.83,9157.24
1525795944808,9148.83,9157.24
1525795950437,9148.62,9157.21
1525795960723,9151.89,9157.21
1525795965331,9150.00,9157.21
1525795969038,9150.00,9157.21
1525795972531,9150.10,9157.20
1525795976359,9150.10,9157.19
1525795980991,9150.10,9157.19
1525795982131,9150.10,9157.19
1525795987669,9150.10,9157.19
1525795992616,9150.10,9157.19
1525795995705,9150.10,9157.19
1525795999199,9150.47,9157.19
1525796002576,9150.47,9157.19
1525796006603,9150.47,9157.19
1525796010280,9150.10,9157.19
1525796014680,9150.10,9150.20
1525796014680,9150.10,9150.20
1525796022353,9150.11,9157.19
1525796022353,9150.11,9157.19
1525796029908,9150.20,9157.19
1525796032549,9150.20,9157.19
1525796035197,9150.20,9157.19
1525796041896,9150.50,9157.24
1525796045352,9150.50,9157.24
1525796048932,9150.23,9157.24
1525796052344,9150.23,9157.24
1525796052344,9150.23,9157.24
1525796057868,9150.23,9157.24
1525796063506,9150.23,9157.24
1525796067487,9150.23,9157.24
1525796071287,9153.30,9163.77
1525796075646,9153.38,9164.08
1525796078240,9153.38,9164.08
1525796082383,9153.38,9164.08
1525796086095,9153.38,9165.44
1525796090036,9153.87,9165.44
1525796092753,9153.87,9165.44
1525796097889,9153.10,9165.04
1525796100328,9153.10,9165.04
1525796105251,9155.89,9157.66
1525796108821,9155.89,9157.66
1525796112909,9155.89,9157.66
1525796116581,9150.00,9157.64
1525796120739,9152.00,9157.63
1525796125905,9152.00,9157.63
1525796129655,9152.00,9157.63
1525796132060,9152.00,9157.63
1525796137967,9152.00,9157.62
1525796141186,9144.20,9151.89
1525796144760,9144.20,9151.89
1525796148818,9145.89,9153.28
1525796152817,9145.89,9152.95
1525796156676,9145.89,9152.95
1525796156676,9145.89,9152.95
1525796163500,9145.89,9155.61
1525796168071,9145.89,9156.70
1525796173577,9144.55,9156.27
1525796175148,9144.55,9156.27
1525796180943,9147.11,9156.26
1525796184547,9144.55,9156.27
1525796188651,9144.55,9156.27
1525796192651,9147.11,9154.07
1525796197820,9147.11,9154.07
1525796201428,9147.11,9154.07
1525796205676,9147.11,9154.07
1525796208728,9147.11,9154.07
1525796208728,9147.11,9154.07
1525796216348,9144.13,9154.07
1525796221623,9144.13,9154.07
1525796222808,9144.13,9154.07
1525796228985,9144.12,9153.26
1525796232653,9144.12,9153.26
1525796236094,9144.12,9153.26
1525796240696,9142.40,9153.23
1525796241772,9142.40,9153.23
1525796247228,9142.40,9144.11
1525796251578,9142.40,9144.11
1525796255136,9143.00,9150.07
1525796259235,9142.10,9144.11
1525796262780,9142.10,9144.11
1525796266817,9144.29,9150.07
1525796269874,9143.50,9150.07
1525796274062,9143.50,9150.07
1525796277525,9143.50,9150.07
1525796281564,9143.34,9150.07
1525796286381,9143.39,9150.07
1525796289724,9143.39,9150.07
1525796292329,9143.39,9150.07
1525796298224,9143.52,9150.07
1525796298224,9143.52,9150.07
1525796306448,9143.34,9150.07
1525796309208,9143.33,9150.07
1525796314267,9143.00,9150.06
1525796318325,9143.00,9150.06
1525796321917,9144.20,9150.06
1525796326653,9144.20,9150.06
1525796329200,9144.20,9150.06
1525796333705,9144.20,9150.06
1525796337149,9144.20,9150.06
1525796342415,9144.20,9150.06
1525796345842,9144.20,9150.06
1525796349277,9144.20,9150.06
1525796353000,9144.20,9150.06
1525796353000,9144.20,9150.06
1525796361482,9144.20,9150.06
1525796364719,9144.20,9150.06
1525796368464,9144.20,9150.06
1525796372517,9144.20,9150.06
1525796376244,9144.20,9150.06
1525796380081,9144.20,9150.06
1525796383158,9144.20,9145.43
1525796385091,9144.20,9145.43
1525796393401,9144.20,9145.43
1525796395705,9144.20,9145.43
1525796400966,9144.20,9145.43
1525796404365,9144.20,9145.43
1525796408700,9144.12,9145.43
1525796412139,9144.12,9145.43
1525796416212,9144.20,9145.43
1525796420095,9144.12,9145.43
1525796421241,9144.12,9145.43
1525796427971,9138.60,9140.00
1525796432046,9138.60,9140.00
1525796435756,9138.60,9140.00
1525796438853,9138.60,9140.00
1525796442472,9138.60,9139.99
1525796446825,9138.60,9139.99
1525796450156,9138.60,9139.99
1525796454900,9138.60,9139.99
1525796458034,9138.60,9139.99
1525796461868,9138.60,9139.99
1525796465553,9138.60,9140.00
1525796469840,9138.60,9140.00
1525796473610,9138.60,9140.00
1525796478045,9139.08,9140.00
1525796481168,9139.08,9140.00
1525796485194,9139.08,9140.00
1525796490078,9139.08,9140.00
1525796493564,9139.08,9140.00
1525796496910,9139.08,9140.00
1525796501134,9139.08,9140.00
