time,bid,ask
1525783064648,9168.4,9170.0
1525783071178,9168.3,9170.0
1525783074993,9168.3,9170.0
1525783079926,9168.1,9170.0
1525783084096,9168.1,9170.0
1525783087694,9168.1,9169.0
1525783091343,9168.1,9169.0
1525783095517,9168.1,9169.0
1525783098300,9168.1,9169.0
1525783102322,9168.1,9169.0
1525783106160,9168.1,9170.0
1525783109250,9163.1,9170.0
1525783109250,9163.1,9170.0
1525783119055,9163.1,9170.0
1525783123102,9163.1,9170.0
1525783125973,9163.1,9170.0
1525783130446,9163.1,9170.0
1525783134687,9163.1,9170.0
1525783137933,9162.1,9170.0
1525783141642,9162.1,9170.0
1525783145273,9162.1,9170.0
1525783148407,9162.1,9170.0
1525783153530,9162.1,9170.0
1525783157070,9162.1,9170.0
1525783161570,9163.0,9170.0
1525783164144,9163.6,9170.0
1525783171443,9164.5,9170.0
1525783177341,9165.7,9170.0
1525783181423,9166.0,9170.0
1525783184014,9170.5,9188.7
1525783188862,9173.3,9188.7
1525783193907,9175.7,9188.7
1525783196631,9175.8,9189.8
1525783200009,9175.8,9190.0
1525783200009,9175.8,9190.0
1525783209401,9176.0,9190.0
1525783213331,9176.0,9190.0
1525783216927,9176.9,9190.0
1525783220985,9176.9,9190.0
1525783224994,9176.9,9190.0
1525783229229,9176.9,9190.0
1525783232766,9177.5,9190.0
1525783237244,9177.5,9190.0
1525783242035,9177.5,9190.0
1525783245654,9177.5,9190.0
1525783250028,9177.5,9190.0
1525783254476,9177.5,9190.0
1525783262182,9181.6,9191.5
1525783267870,9182.9,9191.5
1525783269458,9182.9,9191.5
1525783276270,9182.9,9191.5
1525783279846,9182.9,9191.5
1525783285146,9182.9,9191.5
1525783288122,9182.9,9191.5
1525783288122,9182.9,9191.5
1525783295921,9182.9,9191.5
1525783300385,9182.9,9191.5
1525783304330,9182.9,9191.5
1525783307079,9182.9,9191.5
1525783307079,9182.9,9191.5
1525783314230,9182.9,9191.5
1525783318372,9182.9,9191.5
1525783322631,9182.9,9191.5
1525783326592,9182.9,9191.5
1525783329783,9182.9,9191.5
1525783334953,9182.9,9191.5
1525783339702,9182.9,9191.5
1525783342618,9182.9,9191.5
1525783345478,9182.9,9191.5
1525783351238,9172.6,9191.5
1525783354425,9172.6,9191.5
1525783357560,9172.6,9191.5
1525783362304,9172.6,9191.5
1525783365190,9172.6,9191.5
1525783369038,9172.8,9191.5
1525783372239,9172.8,9191.5
1525783372239,9172.8,9191.5
1525783379736,9172.8,9191.5
1525783382820,9172.8,9191.5
1525783386383,9172.8,9191.5
1525783391022,9172.8,9191.5
1525783393953,9172.8,9191.5
1525783397665,9172.8,9191.5
1525783402792,9172.8,9191.5
1525783406262,9172.8,9191.5
1525783410626,9172.8,9191.5
1525783413803,9172.8,9191.5
1525783417671,9172.8,9191.5
1525783421599,9172.8,9191.5
1525783424378,9172.8,9191.5
1525783428675,9172.8,9191.5
1525783432089,9172.8,9191.5
1525783436251,9172.8,9191.5
1525783437839,9172.8,9191.5
1525783441837,9172.8,9191.5
1525783445087,9172.8,9191.5
1525783449634,9172.8,9191.5
1525783454152,9172.8,9191.5
1525783458878,9172.8,9191.5
1525783466310,9175.8,9191.5
1525783470105,9177.0,9191.5
1525783474138,9179.6,9191.5
1525783478097,9180.9,9191.5
1525783483297,9180.9,9191.5
1525783486145,9180.9,9191.5
1525783489992,9180.9,9191.5
1525783494166,9182.3,9191.5
1525783496730,9182.3,9191.5
1525783501179,9182.3,9191.5
1525783505287,9183.5,9191.5
1525783509725,9182.5,9191.5
1525783513419,9182.5,9191.5
1525783515506,9182.5,9191.5
1525783519811,9191.0,9191.5
1525783523276,9191.0,9191.5
1525783528005,9191.0,9191.5
1525783528005,9191.0,9191.5
1525783534960,9191.0,9191.5
1525783538838,9191.0,9191.3
1525783542742,9191.0,9191.3
1525783545158,9191.0,9191.3
1525783549461,9191.0,9191.3
1525783554289,9191.0,9191.3
1525783556925,9191.0,9191.3
1525783561346,9191.0,9191.3
1525783565275,9178.0,9191.5
1525783569290,9175.3,9191.5
1525783572095,9175.3,9191.5
1525783575761,9175.3,9191.5
1525783580298,9175.3,9191.5
1525783584056,9175.3,9191.5
1525783586448,9175.3,9191.5
1525783590539,9175.3,9191.5
1525783594378,9175.3,9191.5
1525783598151,9175.3,9191.5
1525783602517,9175.3,9191.5
1525783604994,9175.3,9191.5
1525783609717,9175.3,9191.5
1525783613904,9175.3,9191.5
1525783617265,9175.3,9191.5
1525783620422,9175.3,9191.5
1525783625194,9175.3,9191.5
1525783627838,9175.3,9191.5
1525783632279,9175.3,9191.5
1525783636808,9175.3,9191.5
1525783640680,9175.3,9191.5
1525783644154,9175.3,9191.5
1525783647451,9175.3,9191.5
1525783652511,9175.3,9191.5
1525783655042,9175.3,9191.5
1525783659699,9177.1,9191.5
1525783663167,9179.5,9191.3
1525783666104,9181.0,9191.5
1525783670466,9183.8,9191.5
1525783673962,9183.8,9191.5
1525783677743,9183.8,9191.5
1525783681290,9183.8,9191.5
1525783681290,9183.8,9191.5
1525783691410,9183.8,9191.5
1525783694314,9184.1,9191.5
1525783698676,9184.1,9191.5
1525783701534,9184.1,9191.5
1525783706173,9184.1,9191.5
1525783709333,9184.1,9191.5
1525783712575,9184.1,9191.5
1525783716171,9184.1,9191.5
1525783720255,9184.1,9191.5
1525783723954,9184.4,9191.5
1525783728762,9184.4,9191.5
1525783731429,9184.4,9191.5
1525783735430,9184.4,9191.5
1525783738231,9184.4,9191.5
1525783743961,9184.4,9191.5
1525783746708,9173.8,9191.5
1525783750830,9176.4,9191.5
1525783754185,9177.9,9191.5
1525783758541,9179.2,9191.5
1525783761616,9179.2,9191.5
1525783765491,9179.2,9191.5
1525783769048,9179.2,9191.5
1525783773485,9180.6,9204.1
1525783777351,9183.2,9204.1
1525783781534,9185.9,9204.1
1525783785502,9188.4,9204.1
1525783789396,9191.1,9204.1
1525783793243,9193.5,9203.9
1525783796722,9194.9,9203.9
1525783800849,9196.1,9203.9
1525783803102,9196.2,9203.9
1525783806611,9182.3,9204.1
1525783810594,9185.2,9218.7
1525783815158,9187.9,9217.5
1525783817890,9189.4,9217.7
1525783821121,9190.6,9217.7
1525783826218,9187.6,9223.9
1525783828917,9189.0,9222.5
1525783833683,9191.6,9219.9
1525783836805,9192.9,9218.6
1525783840241,9195.5,9216.0
1525783844419,9197.0,9218.4
1525783847888,9197.0,9217.1
1525783851464,9197.0,9214.6
1525783855718,9199.7,9231.3
1525783859778,9202.3,9227.8
1525783861064,9203.6,9226.6
1525783866360,9206.2,9223.3
1525783870650,9208.8,9220.2
1525783873389,9194.4,9217.7
1525783878045,9196.8,9223.1
1525783882728,9200.8,9226.0
1525783886956,9203.6,9226.0
1525783890009,9203.7,9240.2
1525783893814,9198.1,9240.7
1525783896603,9199.5,9240.1
1525783899370,9202.0,9239.2
1525783903281,9204.6,9238.2
1525783908482,9207.3,9238.8
1525783912541,9208.6,9238.8
1525783916242,9200.7,9238.6
1525783919944,9199.6,9238.3
1525783921444,9199.6,9237.7
1525783927149,9196.5,9235.4
1525783930946,9178.4,9232.9
1525783935203,9181.8,9231.6
1525783938571,9184.4,9231.2
1525783942737,9184.5,9231.2
1525783946847,9189.6,9224.4
1525783948234,9189.7,9224.1
1525783954611,9192.3,9219.5
1525783957206,9192.5,9217.0
1525783961405,9193.6,9221.1
1525783965662,9195.1,9225.6
1525783968290,9196.4,9223.6
1525783972318,9196.3,9225.5
1525783976446,9197.6,9224.0
1525783979336,9195.4,9224.4
1525783982364,9196.7,9226.7
1525783986498,9198.0,9224.2
1525783990755,9199.4,9225.4
1525783995565,9198.0,9231.6
1525783998937,9198.0,9229.0
1525784003401,9193.6,9228.8
1525784006192,9195.2,9228.9
1525784010160,9198.0,9226.4
1525784012962,9198.0,9228.9
1525784017959,9199.2,9228.7
1525784021467,9198.0,9227.7
1525784025864,9198.2,9228.9
1525784030198,9198.2,9229.0
1525784032958,9198.2,9229.0
1525784037557,9198.0,9229.0
1525784040469,9198.0,9228.8
1525784041696,9198.0,9228.8
1525784048251,9194.8,9229.0
1525784052250,9197.6,9228.8
1525784056040,9200.1,9228.8
1525784058851,9194.6,9229.0
1525784062609,9196.3,9228.8
1525784066784,9198.8,9227.6
1525784070406,9200.6,9227.6
1525784074517,9202.3,9227.6
1525784078293,9203.5,9229.0
1525784081539,9204.4,9229.0
1525784085267,9205.4,9229.0
1525784089471,9205.9,9229.0
1525784093406,9206.5,9229.0
1525784098810,9208.0,9229.0
1525784100379,9208.3,9229.0
1525784105315,9210.2,9229.0
1525784109109,9211.7,9229.0
1525784113296,9212.9,9229.0
1525784117472,9213.2,9229.0
1525784120843,9213.5,9229.0
1525784124456,9214.1,9229.0
1525784128114,9215.3,9229.0
1525784131448,9215.7,9242.0
1525784134750,9215.9,9242.0
1525784138429,9212.8,9247.7
1525784142157,9214.9,9247.6
1525784142157,9214.9,9247.6
1525784149841,9211.0,9247.6
1525784153961,9214.1,9249.7
1525784156362,9214.7,9249.7
1525784160586,9215.9,9249.7
1525784165007,9216.5,9249.7
1525784168193,9217.2,9249.2
1525784173153,9217.2,9247.7
1525784174511,9217.3,9247.3
1525784180395,9217.2,9246.8
1525784181902,9212.9,9249.7
1525784187848,9216.3,9249.7
1525784192493,9217.6,9248.3
1525784196549,9218.9,9247.1
1525784199662,9218.9,9246.2
1525784204032,9220.2,9245.0
1525784207407,9220.3,9243.8
1525784210834,9220.3,9243.5
1525784214442,9220.3,9245.2
1525784218934,9219.8,9244.8
1525784222490,9222.9,9244.6
1525784225500,9224.1,9244.3
1525784229243,9225.0,9249.5
1525784232002,9225.9,9249.3
1525784236830,9227.1,9249.0
1525784239722,9227.7,9248.7
1525784243702,9228.9,9248.3
1525784246446,9229.5,9248.1
1525784250435,9229.8,9247.8
1525784254963,9229.8,9247.5
1525784257862,9229.8,9247.3
1525784261645,9218.7,9246.0
1525784265955,9210.2,9243.8
1525784270057,9211.6,9243.4
1525784273477,9212.9,9242.9
1525784276684,9211.9,9242.5
1525784281877,9206.5,9241.4
1525784285114,9208.2,9241.4
1525784289146,9209.0,9240.5
1525784293034,9208.9,9240.4
1525784295734,9210.0,9239.6
1525784300343,9211.3,9239.3
1525784304195,9204.5,9241.3
1525784308398,9219.0,9240.8
1525784312425,9219.0,9240.2
1525784316026,9219.0,9240.2
1525784319044,9219.0,9240.2
1525784323065,9219.0,9240.2
1525784326937,9219.0,9240.2
1525784331354,9219.0,9240.2
1525784335115,9219.0,9240.2
1525784337702,9219.0,9240.2
1525784342663,9219.0,9240.2
1525784345670,9219.0,9240.2
1525784348821,9219.0,9240.2
1525784352906,9219.0,9240.2
1525784356681,9219.0,9240.2
1525784359519,9219.0,9240.2
1525784365498,9219.0,9240.2
1525784367973,9219.0,9239.9
1525784372338,9209.6,9229.0
1525784375869,9209.6,9229.0
1525784378943,9209.6,9229.0
1525784383748,9211.0,9229.0
1525784386650,9211.0,9229.0
1525784391028,9211.0,9229.0
1525784395149,9211.0,9229.0
1525784398985,9211.0,9229.0
1525784400430,9211.0,9229.0
1525784405415,9211.0,9229.0
1525784409409,9211.0,9229.0
1525784413700,9211.0,9229.0
1525784417234,9211.0,9229.0
1525784421530,9211.0,9229.0
1525784425690,9211.0,9229.0
1525784428868,9206.0,9229.0
1525784432002,9206.0,9229.0
1525784436274,9207.4,9229.0
1525784440425,9207.4,9229.0
1525784444235,9207.4,9229.0
1525784448439,9208.6,9229.0
1525784450247,9207.6,9229.0
1525784455438,9207.6,9229.0
1525784458542,9207.6,9229.0
1525784463467,9202.8,9229.0
1525784467087,9202.8,9229.0
1525784469819,9202.8,9227.6
1525784474253,9202.8,9224.8
1525784477375,9202.8,9222.1
1525784481236,9202.8,9224.7
1525784485123,9202.8,9223.4
1525784488243,9202.8,9221.9
1525784492321,9202.8,9221.9
1525784496810,9202.8,9221.9
1525784500017,9200.0,9227.5
1525784504001,9200.0,9224.5
1525784507722,9200.0,9222.7
1525784510350,9200.2,9220.2
1525784514790,9200.2,9220.2
1525784518238,9201.5,9220.2
1525784521677,9201.5,9218.7
1525784525318,9201.3,9220.2
1525784529323,9203.9,9225.5
1525784533795,9202.6,9223.0
1525784538049,9201.3,9220.8
1525784541354,9200.0,9220.9
1525784544317,9200.2,9219.7
1525784548769,9200.0,9200.2
1525784552169,9200.0,9227.2
1525784556190,9200.0,9223.0
1525784559775,9200.0,9221.2
1525784563682,9200.2,9219.9
1525784575878,9200.0,9228.6
1525784579293,9200.0,9226.7
1525784584799,9200.0,9224.1
1525784599326,9200.2,9219.7
1525784602149,9200.2,9219.6
1525784606838,9200.2,9219.6
1525784610350,9200.2,9219.5
1525784613680,9201.7,9220.0
1525784618784,9201.8,9224.9
1525784621606,9201.8,9221.3
1525784625423,9202.7,9219.5
1525784628631,9201.7,9218.0
1525784633130,9201.3,9219.5
1525784637234,9200.0,9217.8
1525784640118,9200.0,9216.3
1525784640118,9200.0,9216.3
1525784648406,9200.0,9210.8
1525784653062,9200.0,9209.1
1525784656401,9200.0,9209.2
1525784660200,9200.0,9209.5
1525784664404,9200.0,9227.1
1525784667494,9200.0,9224.5
1525784671311,9200.0,9222.2
1525784674077,9200.0,9219.8
1525784678618,9200.0,9218.3
1525784681559,9200.0,9218.3
1525784686212,9196.0,9200.0
1525784689583,9196.0,9200.0
1525784694256,9196.0,9200.0
1525784697746,9196.3,9215.5
1525784700952,9198.4,9214.2
1525784705547,9202.5,9210.4
1525784710233,9205.1,9211.6
1525784713992,9206.3,9214.2
1525784717414,9207.7,9231.3
1525784722666,9198.1,9229.7
1525784726372,9229.7,9235.0
1525784729487,9205.6,9233.8
1525784733708,9193.6,9232.3
1525784736304,9198.2,9229.7
1525784740725,9203.3,9227.1
1525784744189,9206.4,9224.5
1525784747607,9208.0,9233.6
1525784752848,9209.4,9223.2
1525784756635,9209.4,9223.3
1525784758133,9209.4,9223.3
1525784763938,9209.4,9232.3
1525784767551,9209.4,9227.1
1525784771288,9209.4,9224.5
1525784775111,9209.4,9241.7
1525784779221,9209.4,9239.0
1525784782923,9210.8,9236.4
1525784786614,9210.8,9233.8
1525784790373,9210.8,9231.3
1525784793971,9210.8,9229.9
1525784797677,9210.8,9227.3
1525784801627,9210.8,9224.8
1525784805109,9210.8,9224.8
1525784806583,9210.8,9224.8
1525784813049,9210.9,9238.9
1525784816667,9212.1,9237.7
1525784821111,9213.0,9235.2
1525784823470,9214.4,9237.6
1525784825338,9214.4,9236.3
1525784825338,9214.4,9236.3
1525784825338,9214.4,9236.3
1525784825338,9214.4,9236.3
1525784872400,9218.0,9233.3
1525784875538,9218.0,9239.7
1525784880132,9218.0,9237.1
1525784883266,9218.0,9235.7
1525784885900,9218.0,9241.0
1525784892223,9218.0,9237.1
1525784895862,9218.0,9234.6
1525784899647,9218.0,9234.6
1525784903652,9218.0,9234.6
1525784907110,9218.0,9239.7
1525784910354,9218.0,9237.2
1525784915195,9218.0,9234.6
1525784917570,9218.0,9238.4
1525784921705,9218.0,9235.8
1525784928565,9208.1,9234.4
1525784932052,9209.5,9233.0
1525784935625,9208.2,9233.0
1525784939664,9210.7,9233.0
1525784943782,9209.4,9233.0
1525784947473,9208.1,9233.0
1525784951482,9209.4,9233.0
1525784954753,9209.4,9233.0
1525784957357,9208.1,9233.0
1525784963358,9208.1,9233.0
1525784965977,9209.4,9233.0
1525784970514,9209.4,9233.0
1525784974468,9208.1,9233.0
1525784977722,9208.1,9231.6
1525784980746,9209.4,9231.6
1525784985683,9208.1,9231.6
1525784989309,9208.1,9230.2
1525784993481,9208.1,9230.2
1525784997609,9208.1,9230.2
1525785002024,9209.8,9230.2
1525785005274,9208.4,9230.2
1525785008611,9209.8,9230.2
1525785013975,9208.4,9230.2
1525785016854,9209.8,9230.2
1525785020434,9209.6,9230.2
1525785024127,9209.7,9230.2
1525785026601,9208.2,9230.2
1525785032803,9208.1,9229.8
1525785035715,9208.3,9228.5
1525785040093,9208.3,9228.6
1525785044265,9208.3,9228.6
1525785045829,9206.8,9230.3
1525785053803,9207.0,9230.1
1525785056049,9207.0,9228.9
1525785061343,9207.0,9230.1
1525785063680,9207.0,9230.1
1525785068147,9206.8,9233.5
1525785073281,9206.8,9231.7
1525785074663,9206.8,9231.7
1525785079906,9206.8,9230.5
1525785084704,9207.0,9230.5
1525785088611,9206.8,9230.5
1525785092456,9206.8,9230.8
1525785095512,9206.8,9230.8
1525785098794,9202.1,9231.0
1525785103662,9205.8,9236.3
1525785107331,9201.5,9233.9
1525785110904,9203.8,9232.6
1525785114755,9206.1,9236.2
1525785118210,9202.8,9236.2
1525785120712,9204.1,9236.2
1525785125447,9206.6,9236.2
1525785129503,9203.5,9233.6
1525785132144,9206.0,9234.9
1525785135846,9201.9,9233.6
1525785139855,9204.3,9233.2
1525785143984,9206.8,9231.9
1525785147511,9203.3,9239.4
1525785149952,9205.6,9230.8
1525785155443,9209.4,9230.6
1525785159250,9209.6,9230.6
1525785162035,9209.7,9230.6
1525785165531,9209.9,9230.6
1525785170850,9210.5,9230.6
1525785172198,9210.5,9234.8
1525785176247,9210.9,9234.6
1525785181401,9211.4,9234.6
1525785184973,9211.5,9234.6
1525785189618,9210.4,9234.6
1525785192851,9210.5,9234.6
1525785196529,9210.5,9234.6
1525785199146,9210.9,9234.6
1525785203924,9212.6,9240.0
1525785208125,9212.6,9240.0
1525785211646,9214.1,9240.2
1525785215451,9214.1,9239.0
1525785218091,9214.1,9239.0
1525785240853,9216.9,9239.1
1525785246374,9216.9,9237.8
1525785246374,9216.9,9237.8
1525785254714,9216.9,9236.6
1525785259031,9216.9,9240.1
1525785263013,9216.9,9238.7
1525785267402,9216.9,9238.7
1525785271148,9216.9,9238.6
1525785274810,9216.9,9236.1
1525785277599,9216.9,9238.4
1525785281837,9216.9,9235.8
1525785285086,9216.9,9234.6
1525785289107,9216.9,9234.5
1525785292751,9216.9,9234.6
1525785296419,9216.9,9239.9
1525785299516,9216.9,9238.6
1525785302632,9216.9,9237.3
1525785306989,9216.9,9234.6
1525785311386,9216.9,9238.3
1525785314873,9216.9,9235.7
1525785319342,9216.9,9233.2
1525785322666,9216.9,9236.7
1525785326058,9216.9,9235.3
1525785328145,9216.9,9234.1
1525785333337,9216.9,9233.9
1525785336799,9216.9,9240.0
1525785340361,9216.9,9237.4
1525785345050,9216.9,9234.8
1525785348773,9216.9,9238.4
1525785352522,9216.9,9235.9
1525785356290,9216.9,9234.5
1525785358951,9216.9,9232.0
1525785361912,9216.9,9230.7
1525785367609,9216.9,9234.1
1525785369916,9216.9,9232.8
1525785373735,9216.9,9231.5
1525785379996,9216.9,9231.5
1525785383766,9216.9,9230.2
1525785386463,9216.9,9229.0
1525785391104,9216.9,9228.9
1525785394564,9216.9,9228.9
1525785397912,9216.9,9227.6
1525785401603,9216.9,9227.6
1525785405629,9216.9,9227.6
1525785408850,9211.9,9238.8
1525785412129,9212.1,9236.5
1525785417344,9212.1,9233.8
1525785420323,9212.1,9231.3
1525785424577,9212.1,9230.0
1525785427839,9212.1,9228.6
1525785431144,9212.1,9226.1
1525785437086,9212.1,9224.8
1525785441307,9212.1,9224.8
1525785447443,9212.1,9223.5
1525785454081,9212.1,9220.8
1525785457426,9212.1,9220.8
1525785462753,9212.1,9219.5
1525785468162,9212.1,9219.4
1525785472927,9212.1,9219.4
1525785475793,9212.1,9229.7
1525785480148,9207.6,9227.1
1525785481384,9207.6,9225.9
1525785488738,9207.6,9221.9
1525785492442,9207.6,9219.3
1525785496439,9207.6,9228.4
1525785501039,9207.6,9225.8
1525785504943,9207.6,9223.2
1525785508828,9207.6,9225.9
1525785512506,9207.6,9223.3
1525785515857,9207.6,9224.6
1525785521219,9207.6,9224.6
1525785528377,9207.1,9225.9
1525785532149,9207.3,9223.3
1525785534340,9207.3,9223.2
1525785540138,9207.3,9223.3
1525785542210,9207.3,9223.3
1525785547737,9207.1,9227.0
1525785551608,9207.1,9227.0
1525785555020,9207.1,9227.0
1525785561759,9207.3,9225.8
1525785566192,9207.1,9227.0
1525785569867,9207.1,9227.0
1525785572817,9207.1,9227.0
1525785578157,9207.1,9227.0
1525785581459,9207.1,9227.0
1525785585229,9207.1,9227.0
1525785590752,9202.8,9229.9
1525785594338,9204.2,9228.1
1525785598365,9202.7,9226.9
1525785602262,9204.2,9227.2
1525785605501,9201.8,9226.9
1525785608952,9204.2,9226.7
1525785612516,9205.0,9225.5
1525785616178,9205.1,9225.3
1525785620229,9203.9,9225.5
1525785622602,9204.0,9227.0
1525785628354,9204.8,9227.0
1525785635578,9206.4,9227.0
1525785639983,9207.8,9227.0
1525785643801,9208.7,9227.0
1525785647418,9208.7,9227.0
1525785651197,9209.6,9228.0
1525785655664,9209.6,9228.0
1525785659256,9209.6,9228.1
1525785659256,9209.6,9228.1
1525785667307,9209.4,9227.9
1525785671249,9209.6,9224.9
1525785674953,9209.6,9224.9
1525785678418,9209.6,9224.9
1525785681412,9209.4,9224.7
1525785685169,9209.4,9223.5
1525785689346,9209.4,9223.2
1525785690495,9209.4,9223.2
1525785697162,9209.4,9223.2
1525785699422,9209.4,9223.2
1525785703854,9209.4,9223.2
1525785707161,9210.0,9223.2
1525785711446,9210.0,9223.2
1525785714618,9210.0,9223.2
1525785718757,9210.0,9223.2
1525785722313,9210.0,9223.2
1525785723774,9210.0,9223.2
1525785729804,9210.0,9223.2
1525785733872,9211.2,9223.2
1525785740066,9211.2,9223.2
1525785744710,9210.0,9223.2
1525785747390,9210.0,9223.2
1525785751722,9210.0,9223.2
1525785755311,9210.0,9223.2
1525785758715,9210.0,9223.2
1525785763110,9210.0,9223.2
1525785767182,9210.0,9223.2
1525785769762,9210.0,9223.2
1525785774030,9210.0,9223.2
1525785777214,9210.0,9223.2
1525785780486,9210.0,9223.2
1525785785034,9194.5,9221.8
1525785788288,9194.5,9219.2
1525785792879,9182.7,9216.4
1525785795269,9182.7,9215.0
1525785799893,9182.7,9216.2
1525785803805,9182.7,9214.7
1525785807204,9178.6,9213.5
1525785811383,9180.4,9213.5
1525785814185,9180.4,9213.4
1525785818390,9180.4,9212.0
1525785822326,9180.4,9212.0
1525785825737,9180.4,9210.9
1525785829611,9180.7,9209.6
1525785831865,9181.9,9209.6
1525785837434,9181.9,9208.3
1525785841218,9181.9,9208.3
1525785843499,9181.9,9208.3
1525785847984,9181.9,9207.0
1525785851170,9181.9,9205.7
1525785855476,9181.9,9205.7
1525785858548,9181.9,9205.7
1525785863356,9181.9,9204.4
1525785867825,9181.9,9204.4
1525785870557,9181.9,9203.1
1525785874715,9181.9,9203.1
1525785877132,9181.9,9201.8
1525785880721,9181.9,9201.8
1525785885366,9181.9,9200.5
1525785890041,9181.9,9200.5
1525785893506,9181.9,9199.2
1525785894732,9181.9,9199.2
1525785902303,9181.9,9197.9
1525785908143,9181.9,9197.9
1525785911422,9181.9,9197.8
1525785915571,9181.9,9196.6
1525785919805,9181.9,9195.3
1525785923329,9181.9,9195.3
1525785926193,9181.9,9194.0
1525785930084,9181.9,9194.0
1525785933770,9181.9,9193.9
1525785937314,9181.9,9192.7
1525785941748,9181.9,9191.4
1525785945213,9181.9,9192.6
1525785948954,9181.9,9192.7
1525785953048,9179.6,9201.4
1525785956165,9180.9,9200.1
1525785959141,9180.9,9199.9
1525785961966,9180.9,9199.9
1525785967467,9181.1,9197.2
1525785971435,9180.9,9201.4
1525785975447,9180.9,9198.0
1525785978890,9180.9,9196.5
1525785982043,9180.9,9195.0
1525785986490,9180.9,9192.3
1525785989153,9180.9,9192.1
1525785994301,9180.9,9192.1
1525785996602,9180.9,9190.7
1525786001552,9180.9,9189.2
1525786004077,9180.9,9189.2
1525786010006,9175.9,9187.8
1525786012666,9175.9,9187.8
1525786017377,9175.9,9187.8
1525786021099,9175.9,9186.4
1525786024587,9175.9,9184.9
1525786028190,9175.9,9184.9
1525786033103,9170.0,9175.9
1525786036989,9170.0,9175.9
1525786039470,9170.0,9175.9
1525786043176,9170.0,9185.1
1525786048558,9170.0,9183.8
1525786053346,9170.0,9183.8
1525786057325,9170.0,9182.5
1525786060950,9170.0,9182.5
1525786064541,9170.0,9182.5
1525786068319,9170.0,9182.4
1525786072249,9170.0,9182.4
1525786075185,9170.0,9182.5
1525786077904,9170.0,9187.4
1525786081521,9171.3,9187.2
1525786086462,9170.0,9187.4
1525786090558,9170.0,9187.4
1525786093896,9171.3,9187.4
1525786097462,9171.3,9187.2
1525786100597,9170.1,9187.4
1525786105462,9171.3,9187.2
1525786109445,9171.3,9187.4
1525786112667,9170.1,9187.4
1525786115488,9170.0,9187.4
1525786120177,9170.0,9187.4
1525786123823,9170.3,9185.7
1525786127870,9170.3,9185.7
1525786131639,9170.3,9185.7
1525786134656,9170.3,9185.7
1525786138118,9170.3,9185.9
1525786141965,9170.3,9185.9
1525786145334,9170.3,9185.8
1525786149517,9171.6,9180.7
1525786158366,9171.8,9180.6
1525786164288,9171.8,9180.6
1525786171171,9171.8,9180.7
1525786175290,9171.8,9180.7
1525786178528,9171.8,9180.6
1525786183368,9171.8,9180.6
1525786187833,9171.8,9180.6
1525786191913,9171.8,9180.6
1525786195794,9171.8,9180.6
1525786199682,9171.8,9180.6
1525786202476,9171.4,9180.5
1525786205854,9171.4,9179.2
1525786210233,9171.4,9179.2
1525786214134,9170.1,9179.2
1525786218174,9170.1,9179.1
1525786222103,9170.1,9179.1
1525786225846,9170.1,9179.1
1525786229319,9170.1,9179.1
1525786233318,9170.1,9179.1
1525786238110,9170.1,9179.1
1525786242041,9170.1,9179.1
1525786245901,9170.1,9179.1
1525786248181,9170.1,9179.1
1525786253315,9170.1,9179.2
1525786253315,9170.1,9179.2
1525786260390,9170.1,9179.2
1525786263870,9170.1,9179.2
1525786267584,9170.1,9179.1
1525786270298,9170.1,9179.1
1525786274511,9170.1,9178.9
1525786278575,9170.1,9178.6
1525786282925,9170.1,9177.6
1525786286247,9170.1,9177.6
1525786291294,9170.1,9177.6
1525786294809,9170.1,9177.1
1525786299166,9170.1,9176.8
1525786302276,9170.1,9176.8
1525786304655,9170.1,9176.8
1525786310207,9170.1,9176.5
1525786314264,9170.1,9176.2
1525786317707,9170.1,9176.2
1525786320675,9170.1,9175.9
1525786325318,9170.1,9175.9
1525786328867,9170.1,9175.0
1525786332387,9170.1,9175.0
1525786337469,9170.1,9175.0
1525786340577,9170.1,9174.7
1525786344922,9170.1,9174.7
1525786348773,9170.1,9174.1
1525786352164,9165.3,9174.1
1525786355591,9160.0,9171.1
1525786358957,9160.0,9168.2
1525786363684,9160.0,9167.6
1525786367102,9160.0,9167.3
1525786370560,9160.0,9166.7
1525786374940,9160.0,9166.7
1525786379651,9160.0,9166.4
1525786383042,9160.0,9166.1
1525786386943,9160.0,9165.8
1525786389297,9160.0,9165.8
1525786394534,9160.0,9165.5
1525786397816,9160.0,9165.2
1525786402614,9160.0,9165.3
1525786404875,9160.0,9165.2
1525786409505,9160.0,9165.0
1525786413572,9160.1,9175.0
1525786417216,9160.1,9173.8
1525786420593,9161.4,9173.8
1525786425514,9161.4,9173.8
1525786428330,9162.7,9173.8
1525786432659,9160.0,9173.8
1525786436323,9162.6,9173.8
1525786440087,9165.2,9173.8
1525786442850,9160.0,9173.8
1525786446800,9162.6,9173.8
1525786451415,9164.1,9173.8
1525786454456,9165.6,9173.8
1525786458326,9165.6,9173.8
1525786462714,9165.6,9173.8
1525786465237,9165.6,9173.8
1525786469434,9165.6,9173.7
1525786473942,9165.6,9173.7
1525786476734,9165.6,9173.7
1525786482037,9166.8,9178.6
1525786484746,9160.6,9177.2
1525786488676,9163.8,9177.2
1525786492946,9166.6,9175.7
1525786496444,9166.4,9175.7
1525786499995,9166.3,9174.2
1525786501453,9166.4,9174.2
1525786506665,9166.4,9173.9
1525786511268,9166.4,9174.0
1525786514482,9166.4,9174.0
1525786518062,9166.4,9173.9
1525786522677,9164.8,9172.7
1525786526188,9166.4,9178.6
1525786529829,9162.0,9178.8
1525786532613,9164.1,9178.8
1525786536975,9165.9,9178.8
1525786541021,9166.9,9178.8
1525786542306,9166.9,9178.8
1525786547753,9160.2,9178.8
1525786552036,9162.8,9177.3
1525786556430,9165.4,9175.7
1525786559062,9161.5,9174.2
1525786563907,9164.3,9174.2
1525786566978,9165.5,9172.7
1525786571521,9161.9,9172.7
1525786575239,9162.2,9171.4
1525786577986,9163.5,9171.4
1525786580077,9161.7,9171.3
1525786585122,9162.3,9170.1
1525786590015,9162.6,9170.0
1525786593043,9162.9,9170.0
1525786597755,9160.4,9177.9
1525786600494,9160.4,9177.9
1525786603794,9161.8,9175.0
1525786608681,9162.1,9173.7
1525786612746,9163.4,9173.7
1525786614985,9160.3,9172.3
1525786619143,9162.1,9171.1
1525786623072,9162.4,9169.8
1525786627054,9162.7,9171.0
1525786631119,9160.5,9185.1
1525786634738,9161.9,9183.9
1525786638636,9161.9,9170.0
1525786642774,9162.2,9170.0
1525786645257,9162.5,9170.0
1525786649913,9160.1,9181.4
1525786655224,9161.5,9179.9
1525786658927,9170.2,9178.4
1525786661647,9168.9,9177.0
1525786665588,9168.9,9176.7
1525786671950,9169.0,9176.4
1525786675413,9169.0,9176.4
1525786680248,9169.0,9176.4
1525786684398,9169.0,9176.1
1525786690050,9169.0,9175.8
1525786693570,9169.0,9175.8
1525786702436,9169.0,9175.5
1525786707347,9169.0,9175.7
1525786711498,9170.6,9181.7
1525786715202,9165.4,9181.7
1525786718994,9166.9,9181.7
1525786723863,9168.7,9181.7
1525786727674,9168.6,9191.0
1525786731106,9168.9,9189.5
1525786733325,9170.2,9189.5
1525786738787,9171.8,9189.5
1525786741857,9171.9,9188.0
1525786746116,9170.8,9186.6
1525786749894,9172.3,9185.1
1525786753790,9173.6,9182.4
1525786757054,9173.7,9182.2
1525786761203,9173.4,9180.9
1525786764989,9170.3,9180.9
1525786768579,9171.6,9179.6
1525786768579,9171.6,9179.6
1525786775928,9171.4,9179.5
1525786780138,9171.5,9179.5
1525786783433,9171.5,9179.5
1525786786422,9172.7,9195.2
1525786790623,9168.3,9193.7
1525786797241,9172.3,9192.3
1525786801206,9173.8,9192.3
1525786805815,9174.1,9192.3
1525786807670,9174.1,9192.3
1525786812246,9174.3,9192.3
1525786817966,9173.9,9192.0
1525786823365,9174.0,9192.0
1525786827269,9174.0,9191.7
1525786829839,9174.0,9191.7
1525786833302,9174.0,9191.4
1525786837486,9174.0,9191.4
1525786840386,9174.0,9191.1
1525786845310,9175.3,9189.9
1525786849428,9176.7,9188.4
1525786852646,9170.4,9188.4
1525786855104,9169.3,9187.1
1525786859854,9170.8,9187.1
1525786862944,9170.9,9185.8
1525786866655,9172.4,9185.8
1525786870423,9174.0,9184.5
1525786873743,9175.3,9184.5
1525786877561,9173.8,9183.2
1525786881773,9173.2,9183.1
1525786885842,9172.0,9181.9
1525786888702,9172.2,9181.9
1525786893021,9172.8,9180.6
1525786897328,9173.1,9180.5
1525786899685,9173.1,9180.5
1525786902875,9173.4,9180.5
1525786907421,9173.7,9180.5
1525786911239,9174.0,9180.5
1525786914010,9174.3,9180.5
1525786917632,9174.6,9180.5
1525786922462,9174.9,9180.5
1525786925419,9174.9,9180.5
1525786929804,9175.5,9180.5
1525786935463,9175.8,9185.5
1525786938663,9177.3,9185.5
1525786943868,9177.6,9185.5
1525786947261,9177.9,9185.5
1525786951151,9178.2,9185.5
1525786956205,9178.5,9185.5
1525786960184,9178.8,9185.5
1525786964011,9154.8,9185.3
1525786967582,9159.3,9184.0
1525786971269,9169.9,9184.0
1525786974782,9171.3,9182.7
1525786991306,9173.5,9179.9
1525786995258,9158.4,9178.7
1525786998767,9167.9,9178.7
1525787004391,9169.0,9177.4
1525787011051,9169.1,9177.3
1525787014797,9169.1,9177.3
1525787018943,9169.1,9177.3
1525787021749,9169.1,9177.2
1525787024836,9169.1,9177.2
1525787029659,9169.1,9177.2
1525787029659,9169.1,9177.2
1525787036871,9169.1,9176.7
1525787040935,9169.1,9176.7
1525787045197,9169.1,9176.4
1525787047062,9169.1,9176.4
1525787051454,9169.1,9176.1
1525787056450,9169.1,9176.1
1525787058800,9169.1,9175.8
1525787063935,9169.1,9175.8
1525787066599,9169.1,9175.8
1525787071547,9169.1,9175.8
1525787074231,9169.1,9175.8
1525787079123,9169.1,9175.8
1525787089234,9169.1,9175.5
1525787093957,9169.1,9175.5
1525787101078,9169.1,9174.0
1525787105134,9169.1,9173.9
1525787110318,9169.1,9173.9
1525787114910,9169.1,9173.9
1525787126040,9169.7,9174.0
1525787127945,9169.7,9174.0
1525787127945,9169.7,9174.0
1525787136581,9169.7,9174.0
1525787139419,9169.7,9174.0
1525787144631,9169.7,9174.0
1525787148998,9169.7,9174.0
1525787152630,9169.7,9174.0
1525787156008,9169.7,9174.0
1525787159796,9169.7,9174.0
1525787163041,9169.7,9174.0
1525787165492,9169.7,9174.0
1525787171360,9169.7,9174.0
1525787173540,9169.7,9174.0
1525787178068,9169.7,9174.0
1525787182167,9169.7,9174.0
1525787185362,9169.7,9174.0
1525787189593,9169.7,9174.0
1525787192228,9169.7,9174.0
1525787197264,9169.7,9174.0
1525787200934,9169.7,9174.0
1525787205590,9169.7,9174.0
1525787206725,9169.7,9174.0
1525787212765,9169.7,9174.0
1525787215490,9169.7,9174.0
1525787220428,9169.7,9174.0
1525787222702,9169.7,9174.0
1525787227750,9169.7,9174.0
1525787232383,9169.7,9174.0
1525787235926,9171.2,9174.0
1525787240705,9171.3,9174.0
1525787244204,9171.3,9174.0
1525787247987,9171.3,9174.0
1525787251362,9171.3,9174.0
1525787254366,9171.3,9174.0
1525787259003,9171.3,9174.0
1525787262695,9171.3,9174.0
1525787267488,9171.3,9174.0
1525787270919,9171.3,9174.0
1525787274357,9171.3,9174.0
1525787277867,9171.3,9174.0
1525787283598,9171.3,9174.0
1525787285994,9171.3,9179.0
1525787290463,9171.3,9179.0
1525787294333,9171.3,9179.0
1525787297738,9171.3,9179.0
1525787302455,9171.2,9178.9
1525787304838,9171.2,9178.8
1525787309626,9158.0,9176.1
1525787313635,9159.8,9173.6
1525787316076,9161.1,9173.5
1525787320247,9165.0,9173.4
1525787324302,9165.1,9173.3
1525787328158,9165.1,9173.3
1525787331940,9165.1,9173.3
1525787335033,9166.3,9178.5
1525787338748,9162.4,9175.9
1525787342609,9165.3,9174.5
1525787347463,9160.4,9172.0
1525787352670,9163.6,9172.0
1525787356403,9164.8,9172.0
1525787360158,9164.9,9172.0
1525787363637,9166.2,9174.7
1525787367647,9166.2,9174.7
1525787371188,9166.2,9174.6
1525787374670,9166.2,9174.6
1525787378568,9166.2,9174.6
1525787381041,9166.2,9174.6
1525787386123,9167.6,9175.8
1525787389720,9169.1,9176.9
1525787393229,9169.2,9176.6
1525787396473,9169.2,9176.6
1525787400471,9169.2,9176.3
1525787403012,9169.2,9176.0
1525787407442,9169.2,9175.7
1525787411609,9169.2,9175.8
1525787415904,9169.2,9175.8
1525787418358,9169.2,9175.8
1525787422647,9169.2,9175.7
1525787425520,9169.2,9175.7
1525787430314,9170.6,9178.1
1525787435982,9164.4,9176.7
1525787439655,9166.0,9174.2
1525787443438,9166.7,9174.1
1525787446863,9164.4,9172.9
1525787450186,9165.0,9172.7
1525787453589,9165.3,9172.7
1525787457108,9165.4,9172.7
1525787459656,9165.4,9171.0
1525787468956,9165.4,9171.0
1525787472769,9165.4,9171.0
1525787476286,9165.4,9171.0
1525787479791,9165.4,9171.0
1525787483598,9152.0,9171.0
1525787488307,9155.4,9169.0
1525787491002,9158.1,9168.0
1525787494587,9158.4,9168.0
1525787499030,9159.9,9166.7
1525787501566,9151.9,9167.9
1525787505343,9153.7,9166.7
1525787509854,9155.8,9165.4
1525787513986,9157.3,9165.4
1525787517584,9157.6,9165.4
1525787522167,9153.6,9164.1
1525787525207,9153.9,9164.1
1525787528594,9153.4,9164.0
1525787533451,9153.7,9162.0
1525787537054,9154.0,9162.0
1525787540545,9154.3,9162.0
1525787544343,9154.6,9162.0
1525787544343,9154.6,9162.0
1525787551935,9154.3,9162.0
1525787554744,9154.3,9162.0
1525787559341,9152.2,9162.0
1525787563218,9153.5,9162.0
1525787567396,9152.8,9162.0
1525787569659,9154.1,9162.0
1525787574025,9154.6,9162.0
1525787577831,9152.5,9161.3
1525787582288,9154.3,9162.5
1525787585698,9151.8,9167.9
1525787590443,9152.2,9166.7
1525787593774,9153.6,9165.4
1525787597708,9155.2,9165.4
1525787602184,9152.7,9165.4
1525787605170,9152.5,9165.4
1525787608742,9153.5,9164.2
1525787612626,9152.3,9166.5
1525787617174,9154.3,9165.2
1525787620904,9155.8,9165.2
1525787624667,9155.9,9165.2
1525787629815,9154.5,9165.1
1525787633319,9155.9,9165.1
1525787636450,9156.9,9168.8
1525787639350,9158.2,9168.8
1525787644680,9158.3,9168.8
1525787647239,9159.1,9168.8
1525787651223,9160.5,9168.5
1525787655135,9160.4,9168.5
1525787659600,9160.5,9168.5
1525787663005,9160.5,9168.2
1525787667689,9160.5,9168.2
1525787671050,9160.5,9167.9
1525787674432,9160.5,9167.9
1525787677815,9160.5,9167.9
1525787681863,9160.5,9167.6
1525787686315,9155.5,9167.6
1525787690066,9156.8,9167.3
1525787693679,9156.8,9167.3
1525787697087,9155.5,9167.0
1525787700454,9155.5,9167.0
1525787705283,9156.8,9166.7
1525787709139,9156.8,9166.7
1525787712950,9155.5,9166.5
1525787716690,9155.5,9166.5
1525787721325,9156.8,9166.2
1525787724922,9157.0,9166.3
1525787728834,9157.0,9168.9
1525787731990,9155.5,9168.8
1525787736437,9157.0,9168.6
1525787740583,9157.0,9168.6
1525787744070,9155.7,9168.5
1525787748502,9157.0,9168.2
1525787750139,9155.7,9168.2
1525787756591,9157.0,9168.1
1525787760000,9157.1,9167.8
1525787763877,9157.0,9167.9
1525787766692,9155.5,9167.8
1525787770284,9155.5,9167.6
1525787774939,9155.8,9167.6
1525787778890,9155.7,9167.6
1525787782848,9155.7,9167.5
1525787785310,9155.5,9167.5
1525787790287,9155.5,9169.0
1525787793939,9155.5,9168.9
1525787798732,9155.5,9169.1
1525787802646,9155.5,9168.9
1525787805522,9156.0,9168.8
1525787809715,9155.7,9168.7
1525787813744,9157.0,9168.6
1525787817689,9158.2,9168.6
1525787821425,9159.5,9168.6
1525787826509,9160.8,9168.6
1525787829959,9160.8,9168.6
1525787834031,9160.8,9168.6
1525787838188,9160.8,9168.6
1525787840962,9160.8,9168.6
1525787845346,9160.8,9168.3
1525787848801,9160.8,9168.0
1525787853451,9160.8,9167.7
1525787857992,9160.8,9167.7
1525787861023,9160.8,9167.7
1525787865857,9160.8,9167.4
1525787870170,9160.8,9167.1
1525787874091,9160.8,9167.1
1525787877998,9160.8,9166.8
1525787881283,9160.8,9167.0
1525787887615,9160.8,9166.9
1525787891837,9160.8,9166.6
1525787894525,9160.8,9166.6
1525787899736,9160.8,9166.5
1525787903033,9160.8,9166.5
1525787906465,9160.8,9166.5
1525787911266,9160.8,9166.5
1525787915394,9160.8,9166.7
1525787920304,9160.8,9166.7
1525787927250,9160.8,9166.7
1525787934331,9160.8,9166.7
1525787937541,9160.8,9166.7
1525787943830,9160.8,9166.5
1525787946863,9160.8,9166.7
1525787951623,9160.8,9168.1
1525787955891,9160.8,9167.8
1525787960173,9160.8,9167.8
1525787964439,9160.8,9167.5
1525787966410,9160.8,9167.5
1525787971409,9160.8,9167.5
1525787974423,9160.8,9167.5
1525787979365,9160.8,9167.4
1525787982434,9160.8,9167.3
1525787986549,9160.8,9167.3
1525787990378,9160.8,9167.2
1525787995688,9160.8,9167.2
1525787999413,9160.8,9167.1
1525788003350,9160.8,9167.1
1525788006722,9161.0,9166.9
1525788011173,9161.0,9166.9
1525788013979,9161.0,9166.9
1525788018062,9161.0,9167.0
1525788022347,9161.0,9166.9
1525788025114,9161.0,9166.9
1525788030054,9161.0,9166.8
1525788032995,9161.0,9166.8
1525788037311,9161.0,9166.6
1525788041378,9161.0,9166.6
1525788045603,9156.0,9166.6
1525788048422,9156.0,9166.6
1525788054368,9156.0,9166.5
1525788057085,9155.9,9168.6
1525788060544,9155.9,9168.1
1525788064546,9156.1,9168.2
1525788067938,9155.9,9168.2
1525788073351,9155.9,9168.2
1525788075998,9155.9,9168.2
1525788080236,9155.9,9168.6
1525788083699,9156.1,9168.7
1525788086444,9156.1,9168.6
1525788091828,9156.1,9168.0
1525788095726,9156.1,9167.9
1525788098022,9156.1,9167.9
1525788102253,9156.1,9167.9
1525788106740,9156.0,9167.9
1525788109837,9156.0,9167.8
1525788113260,9156.0,9167.7
1525788117588,9156.0,9167.6
1525788121673,9156.0,9160.0
1525788123473,9156.0,9160.0
1525788128220,9156.4,9160.0
1525788132776,9156.4,9160.0
1525788136130,9156.4,9160.0
1525788139738,9156.4,9160.0
1525788144748,9156.4,9160.0
1525788148313,9156.4,9160.0
1525788149717,9156.4,9160.0
1525788154855,9156.4,9160.0
1525788158475,9156.4,9160.0
1525788162982,9156.4,9160.0
1525788166507,9156.4,9160.0
1525788169253,9156.4,9160.0
1525788174257,9156.4,9160.0
1525788178991,9156.4,9159.9
1525788181654,9156.4,9159.9
1525788186404,9156.7,9168.9
1525788189499,9156.7,9168.8
1525788192950,9156.7,9168.8
1525788197306,9158.1,9168.8
1525788201090,9158.1,9168.7
1525788205018,9158.1,9168.7
1525788208067,9158.1,9168.6
1525788212641,9158.1,9168.6
1525788215686,9158.1,9168.6
1525788220888,9158.1,9168.5
1525788225196,9158.1,9168.6
1525788228095,9158.1,9169.2
1525788231530,9159.5,9169.2
1525788237053,9159.5,9169.2
1525788243252,9160.9,9169.2
1525788247790,9160.9,9169.2
1525788248995,9160.9,9169.2
1525788259334,9160.9,9169.2
1525788263351,9160.9,9169.2
1525788267135,9160.9,9169.2
1525788268329,9160.9,9169.2
1525788275629,9160.9,9169.2
1525788277838,9160.9,9169.2
1525788282893,9160.9,9169.2
1525788287883,9160.9,9169.2
1525788291656,9160.9,9169.2
1525788295497,9162.2,9179.6
1525788300091,9162.2,9179.1
1525788301960,9164.4,9179.1
1525788308102,9166.5,9179.1
1525788311043,9166.5,9179.1
1525788315824,9166.5,9178.8
1525788318491,9166.5,9178.8
1525788323130,9166.5,9178.8
1525788325841,9166.5,9178.8
1525788330714,9166.5,9178.8
1525788334396,9166.7,9178.8
1525788337970,9166.7,9179.0
1525788343602,9166.7,9179.8
1525788346975,9166.7,9179.8
1525788351501,9167.0,9179.8
1525788354493,9167.3,9179.8
1525788360444,9167.3,9179.8
1525788364621,9167.3,9179.8
1525788367709,9167.3,9179.8
1525788370702,9167.3,9179.8
1525788375133,9167.3,9179.8
1525788378949,9167.3,9179.8
1525788382553,9167.3,9179.8
1525788386029,9167.3,9179.8
1525788386029,9167.3,9179.8
1525788394545,9167.3,9179.8
1525788396875,9167.3,9179.8
1525788401591,9167.3,9179.8
1525788404549,9167.3,9179.8
1525788407985,9167.3,9179.8
1525788413170,9167.3,9179.8
1525788415668,9167.3,9179.8
1525788420333,9173.7,9179.8
1525788423812,9173.7,9179.8
1525788428369,9173.7,9179.8
1525788431083,9173.7,9179.8
1525788436650,9173.7,9179.8
1525788441584,9176.7,9179.8
1525788444958,9176.7,9179.8
1525788448730,9176.7,9179.8
1525788452628,9176.7,9179.8
1525788457027,9176.7,9179.8
1525788461650,9176.7,9179.8
1525788464938,9176.7,9179.8
1525788468704,9176.7,9179.8
1525788473361,9176.7,9179.8
1525788476782,9176.7,9179.8
1525788478286,9176.7,9179.8
1525788484314,9176.7,9179.8
1525788488020,9176.7,9179.8
1525788491073,9176.9,9179.8
1525788495440,9176.9,9179.8
1525788499260,9176.9,9179.8
1525788502485,9176.9,9179.8
1525788505331,9176.9,9179.8
1525788509780,9176.9,9179.8
1525788509780,9176.9,9179.8
1525788518151,9176.9,9179.8
1525788521934,9176.9,9179.8
1525788525596,9176.9,9179.8
1525788530044,9176.9,9179.8
1525788535384,9176.9,9179.8
1525788540000,9176.9,9179.8
1525788541380,9176.9,9179.8
1525788549309,9176.9,9179.8
1525788553480,9176.9,9179.8
1525788557960,9176.9,9179.8
1525788564206,9176.9,9179.8
1525788572267,9176.9,9179.8
1525788575217,9176.9,9179.8
1525788582580,9176.9,9179.8
1525788589629,9176.9,9179.8
1525788593395,9176.9,9179.8
1525788597980,9176.9,9179.8
1525788601663,9176.9,9179.8
1525788605677,9176.9,9179.8
1525788609906,9176.9,9179.8
1525788613649,9176.9,9179.8
1525788618170,9176.9,9179.8
1525788620851,9176.9,9179.8
1525788624587,9176.9,9179.8
1525788628644,9176.9,9179.8
1525788632413,9176.9,9179.8
1525788637134,9176.9,9179.8
1525788640445,9176.9,9179.8
1525788644161,9167.3,9179.8
1525788648543,9167.3,9179.8
1525788652373,9167.3,9179.8
1525788655938,9167.3,9179.8
1525788659753,9167.3,9179.8
1525788662111,9167.3,9179.8
1525788667456,9167.3,9179.8
1525788669656,9167.3,9179.8
1525788674042,9167.6,9179.8
1525788677538,9167.6,9179.8
1525788682805,9169.0,9179.8
1525788686049,9170.2,9179.8
1525788690886,9170.4,9179.8
1525788694296,9170.4,9179.8
1525788697802,9170.4,9179.8
1525788702240,9171.8,9179.8
1525788705941,9168.9,9179.6
1525788708049,9168.9,9178.1
1525788712125,9170.1,9178.1
1525788715018,9170.1,9178.1
1525788715018,9170.1,9178.1
1525788715018,9170.1,9178.1
1525788715018,9170.1,9178.1
1525788715018,9170.1,9178.1
1525788715018,9170.1,9178.1
1525788715018,9170.1,9178.1
1525788715018,9170.1,9178.1
1525788715018,9170.1,9178.1
1525788772222,9168.8,9176.7
1525788777926,9168.8,9176.6
1525788782891,9168.9,9179.8
1525788786060,9168.8,9178.1
1525788788704,9168.8,9178.1
1525788793464,9168.8,9178.1
1525788797178,9168.8,9176.9
1525788798629,9168.8,9176.9
1525788805405,9168.8,9176.9
1525788809651,9168.8,9176.9
1525788813242,9168.8,9176.9
1525788816625,9168.8,9176.9
1525788821203,9168.8,9176.9
1525788825492,9168.8,9176.9
1525788828004,9168.8,9176.9
1525788832974,9168.8,9176.9
1525788837502,9168.8,9176.9
1525788840896,9168.8,9176.9
1525788843961,9171.4,9176.9
1525788847607,9171.4,9176.9
1525788851238,9171.4,9176.9
1525788853778,9171.4,9179.5
1525788859454,9171.4,9179.8
1525788864053,9171.4,9179.8
1525788867521,9171.4,9179.6
1525788871283,9171.4,9179.6
1525788874114,9171.4,9179.6
1525788878743,9171.4,9179.6
1525788881609,9171.4,9179.6
1525788885564,9171.4,9179.6
1525788889945,9171.4,9179.6
1525788893714,9171.4,9179.6
1525788898126,9171.4,9179.6
1525788900768,9171.4,9179.6
1525788906782,9176.0,9179.6
1525788909654,9176.0,9179.6
1525788913062,9176.0,9179.6
1525788917876,9176.0,9179.6
1525788921565,9176.0,9179.6
1525788924124,9176.0,9179.6
1525788934217,9176.0,9179.6
1525788940946,9176.0,9179.6
1525788945722,9176.0,9179.6
1525788950344,9176.0,9179.6
1525788954020,9170.7,9178.5
1525788959313,9170.7,9178.5
1525788963616,9170.7,9178.5
1525788966768,9170.7,9178.5
1525788970978,9170.7,9178.5
1525788975723,9170.7,9178.5
1525788982107,9170.7,9179.1
1525788987393,9170.7,9179.1
1525788994058,9179.0,9179.9
1525789001536,9179.0,9179.9
1525789007698,9179.0,9179.9
1525789022693,9179.0,9179.9
1525789027936,9179.0,9179.9
1525789032029,9179.0,9179.9
1525789036382,9179.0,9179.9
1525789041048,9179.0,9179.9
1525789045026,9179.0,9179.9
1525789050938,9179.0,9179.9
1525789079283,9179.0,9179.9
1525789083212,9179.0,9179.9
1525789087024,9179.0,9179.9
1525789087024,9179.0,9179.9
1525789094586,9179.0,9179.9
1525789101286,9179.0,9179.9
1525789105371,9179.0,9179.9
1525789108774,9179.0,9179.9
1525789112594,9179.0,9179.9
1525789116484,9179.0,9179.9
1525789119752,9179.0,9179.9
1525789122983,9179.0,9179.9
1525789126849,9179.0,9179.9
1525789130563,9179.0,9179.9
1525789134351,9179.0,9179.9
1525789137611,9179.0,9179.9
1525789142173,9179.0,9179.9
1525789147636,9179.0,9179.9
1525789150458,9179.0,9179.9
1525789153778,9179.0,9179.9
1525789158422,9179.9,9181.7
1525789162828,9179.9,9181.7
1525789166658,9179.9,9181.7
1525789170085,9179.9,9181.7
1525789173818,9179.9,9181.7
1525789176242,9179.9,9181.7
1525789181325,9179.9,9181.7
1525789183212,9179.9,9181.7
1525789190416,9179.9,9181.7
1525789193770,9179.9,9181.7
1525789196171,9179.9,9181.7
1525789201386,9179.9,9181.7
1525789206670,9179.9,9181.7
1525789207809,9179.9,9181.7
1525789213138,9179.9,9185.8
1525789217614,9179.9,9185.8
1525789220979,9179.9,9185.8
1525789224594,9179.9,9185.8
1525789229814,9179.9,9185.8
1525789233581,9179.9,9180.0
1525789237445,9179.9,9180.0
1525789241279,9179.9,9180.0
1525789245406,9179.9,9180.0
1525789248995,9179.9,9180.0
1525789252898,9179.9,9180.0
1525789257878,9179.9,9180.0
1525789260958,9179.9,9180.0
1525789265197,9179.9,9180.0
1525789267661,9179.9,9180.0
1525789273147,9179.9,9180.0
1525789278094,9179.9,9180.0
1525789281546,9179.9,9180.0
1525789286409,9179.9,9180.0
1525789289226,9179.9,9180.0
1525789296103,9179.9,9180.0
1525789300209,9179.9,9180.0
1525789303918,9179.9,9180.0
1525789307589,9179.9,9180.0
1525789308967,9179.9,9180.0
1525789314203,9179.9,9180.0
1525789319245,9179.9,9180.0
1525789325155,9179.9,9180.0
1525789331550,9179.9,9180.0
1525789335781,9179.9,9180.0
1525789339911,9179.9,9180.0
1525789343756,9179.9,9180.0
1525789348931,9179.9,9180.0
1525789352688,9179.9,9180.0
1525789356448,9179.9,9180.0
1525789361732,9179.9,9180.0
1525789365382,9179.9,9180.0
1525789369509,9179.9,9180.0
1525789375918,9179.9,9180.0
1525789379226,9179.9,9180.0
1525789385366,9179.9,9180.0
1525789389801,9179.9,9180.0
1525789395255,9179.9,9180.0
1525789402358,9179.9,9187.5
1525789408209,9179.9,9187.5
1525789412962,9179.9,9187.5
1525789416770,9179.9,9187.5
1525789419727,9179.9,9187.2
1525789425065,9179.9,9187.2
1525789430122,9179.9,9187.2
1525789435858,9179.9,9187.2
1525789441385,9179.9,9187.2
1525789445250,9179.9,9187.2
1525789449434,9179.9,9187.2
1525789453574,9179.9,9187.2
1525789459667,9179.9,9187.2
1525789466947,9179.9,9187.2
1525789471321,9179.9,9187.2
1525789476946,9180.0,9187.2
1525789482422,9180.2,9187.2
1525789487158,9182.9,9190.5
1525789492121,9185.5,9190.5
1525789496940,9186.7,9190.5
1525789501016,9186.7,9190.5
1525789509702,9186.7,9190.5
1525789517811,9186.7,9190.5
1525789522623,9186.7,9190.5
1525789526638,9186.7,9190.5
1525789533352,9181.3,9189.3
1525789540434,9181.3,9189.3
1525789543975,9181.3,9189.3
1525789548203,9181.3,9189.3
1525789554553,9181.3,9189.3
1525789558738,9181.3,9189.3
1525789562673,9188.4,9189.3
1525789567848,9188.4,9189.3
1525789573081,9182.4,9190.5
1525789575867,9182.4,9190.5
1525789580543,9182.4,9190.5
1525789585268,9181.3,9189.3
1525789589101,9181.3,9189.3
1525789593161,9181.3,9189.3
1525789598489,9181.3,9189.3
1525789603042,9181.3,9189.3
1525789607858,9181.3,9189.3
1525789613278,9181.3,9189.3
1525789617277,9188.4,9189.3
1525789620715,9188.4,9190.5
1525789623041,9188.4,9190.5
1525789628037,9188.4,9190.5
1525789633057,9188.4,9190.5
1525789635734,9188.4,9190.5
1525789639956,9188.4,9190.5
1525789643260,9188.4,9190.5
1525789648460,9188.4,9190.5
1525789651615,9188.4,9190.5
1525789654563,9188.4,9190.5
1525789659368,9188.4,9190.5
1525789667471,9188.4,9190.5
1525789671860,9188.4,9190.5
1525789678315,9189.5,9190.5
1525789681534,9189.5,9190.5
1525789689978,9189.5,9190.5
1525789692179,9189.5,9190.5
1525789698057,9189.5,9190.5
1525789701410,9189.5,9190.5
1525789706061,9189.5,9190.5
1525789707746,9189.5,9190.5
1525789716557,9189.5,9190.5
1525789719998,9189.5,9190.5
1525789723658,9189.5,9190.5
1525789728140,9189.5,9190.5
1525789731989,9189.5,9190.5
1525789738144,9189.5,9190.5
1525789741626,9189.5,9190.5
1525789745262,9189.5,9190.5
1525789749398,9189.5,9190.5
1525789754394,9189.5,9190.5
1525789758710,9189.5,9190.5
1525789765336,9189.5,9190.5
1525789776187,9189.5,9190.5
1525789783855,9189.5,9190.5
1525789788814,9189.5,9190.5
1525789794660,9189.5,9190.5
1525789799549,9189.5,9190.5
1525789806590,9189.5,9190.5
1525789809830,9189.5,9190.5
1525789814188,9189.5,9190.5
1525789819959,9189.5,9190.5
1525789824830,9189.5,9190.5
1525789829021,9189.5,9190.5
1525789834043,9189.5,9190.5
1525789840874,9189.5,9190.5
1525789844489,9189.5,9190.5
1525789850645,9189.5,9190.5
1525789855152,9189.5,9190.5
1525789862217,9183.8,9190.5
1525789877751,9170.1,9187.7
1525789882219,9170.1,9186.3
1525789890809,9175.4,9182.1
1525789899197,9175.4,9181.8
1525789904150,9175.4,9181.5
1525789909612,9160.1,9178.8
1525789915374,9160.0,9176.9
1525789922360,9166.5,9173.0
1525789930391,9160.0,9168.9
1525789936774,9160.0,9167.9
1525789943427,9160.0,9167.8
1525789947008,9160.0,9167.6
1525789950971,9163.8,9167.6
1525789955035,9163.8,9167.6
1525789959507,9163.8,9167.0
1525789965055,9163.8,9167.0
1525789968603,9163.8,9166.7
1525789971623,9163.8,9166.7
1525789975727,9163.8,9166.1
1525789980674,9163.8,9166.1
1525789983999,9163.8,9165.8
1525789988994,9163.8,9165.8
1525789994577,9163.8,9165.8
1525789998445,9163.8,9165.8
1525790000235,9163.8,9165.8
1525790005198,9163.8,9165.8
1525790008778,9163.8,9165.8
1525790012351,9163.8,9165.8
1525790016166,9160.0,9165.8
1525790021011,9160.0,9165.8
1525790025922,9160.0,9165.8
1525790029595,9160.0,9165.8
1525790033167,9160.0,9165.8
1525790036564,9160.0,9165.8
1525790040774,9160.0,9165.8
1525790045174,9160.0,9165.8
1525790047556,9160.0,9165.8
1525790052985,9160.0,9165.8
1525790057602,9160.0,9165.8
1525790060796,9160.0,9165.8
1525790064536,9160.0,9165.8
1525790068499,9160.0,9165.8
1525790072245,9160.0,9165.8
1525790076897,9160.0,9165.8
1525790079326,9160.0,9165.8
1525790085672,9160.0,9165.8
1525790089004,9160.0,9165.8
1525790093153,9160.0,9165.8
1525790095546,9160.0,9165.8
1525790100049,9156.2,9160.0
1525790106347,9156.2,9160.0
1525790109289,9156.2,9160.0
1525790112278,9156.2,9160.0
1525790119722,9156.2,9160.0
1525790125869,9156.2,9160.0
1525790129219,9156.2,9160.0
1525790133906,9156.2,9160.0
1525790138613,9156.2,9160.0
1525790142146,9156.2,9160.0
1525790147805,9156.2,9160.0
1525790151401,9156.2,9160.0
1525790154929,9156.2,9160.0
1525790158850,9156.2,9160.0
1525790161173,9156.2,9160.0
1525790166631,9156.2,9160.0
1525790169435,9156.2,9160.0
1525790173346,9160.0,9173.4
1525790182727,9163.0,9172.2
1525790190550,9163.0,9170.8
1525790193824,9163.0,9170.8
1525790202941,9162.6,9169.4
1525790206445,9162.6,9169.4
1525790210374,9162.6,9169.4
1525790214797,9162.6,9169.4
1525790219184,9162.6,9169.4
1525790224458,9162.6,9169.4
1525790227462,9162.6,9169.4
1525790231029,9162.6,9169.4
1525790235097,9162.6,9169.4
1525790239339,9162.6,9169.4
1525790243239,9162.6,9169.4
1525790247818,9162.6,9169.4
1525790256441,9162.6,9169.4
1525790262337,9162.6,9169.4
1525790267203,9162.6,9169.4
1525790274060,9162.6,9169.4
1525790280830,9162.6,9169.4
1525790287614,9162.6,9171.7
1525790299238,9162.6,9171.7
1525790303402,9162.6,9171.7
1525790307390,9162.6,9171.7
1525790310934,9162.6,9171.7
1525790314759,9162.6,9170.5
1525790318767,9161.2,9162.6
1525790322538,9160.2,9162.6
1525790327678,9160.2,9162.6
1525790331221,9160.2,9162.6
1525790335530,9160.2,9162.6
1525790339444,9160.2,9162.6
1525790342762,9160.2,9162.6
1525790342762,9160.2,9162.6
1525790349543,9160.2,9162.6
1525790352610,9160.2,9162.6
1525790357817,9160.2,9162.6
1525790361250,9160.2,9162.6
1525790364503,9160.2,9162.6
1525790368064,9160.2,9162.6
1525790373109,9160.2,9162.6
1525790376113,9160.2,9162.6
1525790379651,9160.2,9162.6
1525790384404,9160.2,9162.6
1525790388160,9160.2,9162.6
1525790392384,9160.0,9162.6
1525790395718,9160.0,9162.6
1525790399524,9160.0,9162.6
1525790404110,9160.0,9162.4
1525790406832,9160.0,9162.4
1525790410361,9160.0,9162.4
1525790414570,9160.0,9162.4
1525790417895,9160.0,9162.4
1525790422436,9160.0,9162.4
1525790423415,9160.0,9162.4
1525790428828,9160.0,9162.4
1525790432515,9160.0,9162.4
1525790436372,9160.0,9162.4
1525790442132,9160.0,9162.4
1525790446020,9160.0,9162.4
1525790450735,9160.0,9162.4
1525790453729,9160.0,9162.4
1525790456627,9161.0,9162.4
1525790460163,9161.0,9162.4
1525790465247,9161.0,9162.4
1525790468511,9161.0,9162.4
1525790472274,9161.0,9162.4
1525790475625,9161.0,9162.4
1525790479239,9161.0,9162.4
1525790483555,9161.0,9162.4
1525790487935,9161.0,9162.4
1525790491356,9161.0,9162.4
1525790495400,9161.0,9162.4
1525790499351,9161.0,9162.4
1525790502582,9161.0,9162.4
1525790505719,9161.0,9162.4
1525790509667,9161.0,9162.4
1525790514295,9161.0,9162.4
1525790518546,9161.0,9162.4
1525790521549,9161.0,9162.4
1525790526778,9161.0,9162.4
1525790529053,9161.0,9162.4
1525790534432,9161.0,9162.4
1525790538137,9161.0,9162.4
1525790542210,9161.0,9162.4
1525790546222,9161.0,9162.6
1525790550067,9161.0,9162.6
1525790554989,9161.0,9162.6
1525790559605,9161.0,9162.6
1525790562237,9161.0,9162.6
1525790565861,9161.0,9162.6
1525790569875,9161.0,9162.6
1525790572995,9161.0,9162.6
1525790578074,9161.0,9162.6
1525790580127,9161.0,9162.6
1525790585282,9161.0,9162.0
1525790590422,9161.0,9162.0
1525790593648,9161.0,9162.0
1525790597746,9161.0,9162.0
1525790601889,9161.0,9162.0
1525790604425,9161.0,9162.0
1525790609171,9161.1,9162.0
1525790612483,9161.0,9162.0
1525790616788,9161.0,9162.0
1525790621492,9161.0,9162.0
1525790625050,9161.0,9162.0
1525790629774,9161.0,9162.0
1525790629774,9161.0,9162.0
1525790636623,9161.0,9162.0
1525790640021,9161.0,9162.0
1525790645330,9161.0,9162.0
1525790647935,9161.0,9162.0
1525790649799,9161.0,9162.0
1525790656537,9161.0,9162.0
1525790660200,9161.0,9162.0
1525790663785,9161.0,9162.0
1525790663785,9161.0,9162.0
1525790670178,9161.0,9162.0
1525790672486,9161.0,9162.0
1525790677168,9161.0,9162.0
1525790681830,9161.0,9162.0
1525790685566,9161.0,9162.0
1525790690150,9161.0,9162.0
1525790693649,9161.0,9162.0
1525790697616,9161.0,9162.0
1525790701725,9161.0,9162.0
1525790703137,9161.0,9162.0
1525790705417,9161.0,9162.0
1525790712684,9161.0,9162.0
1525790717092,9161.0,9162.0
1525790719696,9161.0,9162.0
1525790724278,9161.0,9162.0
1525790727962,9161.0,9162.0
1525790731626,9161.0,9162.0
1525790733988,9161.0,9162.0
1525790740991,9161.0,9162.0
1525790745257,9161.0,9162.0
1525790749398,9161.0,9162.0
1525790751913,9161.0,9162.0
1525790755965,9161.0,9162.0
1525790759814,9161.0,9162.0
1525790763595,9161.0,9162.0
1525790766529,9161.0,9162.0
1525790771747,9161.0,9162.0
1525790776371,9161.0,9162.0
1525790779615,9161.0,9162.0
1525790783754,9161.0,9162.0
1525790787890,9161.0,9162.0
1525790791289,9161.0,9162.0
1525790795629,9161.0,9162.0
1525790799018,9161.0,9162.0
1525790803200,9161.0,9162.0
1525790806870,9161.0,9162.0
1525790811093,9161.0,9162.0
1525790820414,9161.0,9162.5
1525790829855,9162.0,9162.6
1525790840690,9162.0,9162.4
1525790846385,9162.0,9162.4
1525790853921,9162.0,9162.1
1525790858166,9162.0,9162.1
1525790862626,9143.0,9162.0
1525790866900,9143.0,9158.6
1525790870371,9143.0,9156.2
1525790874545,9138.1,9154.3
1525790878161,9135.2,9150.5
1525790881857,9121.8,9147.9
1525790886584,9133.5,9145.2
1525790889618,9122.0,9144.0
1525790893370,9133.4,9142.1
1525790898368,9133.4,9140.9
1525790905802,9133.4,9139.7
1525790909622,9122.1,9138.4
1525790915771,9133.4,9136.8
1525790920301,9133.4,9136.5
1525790924474,9133.4,9135.9
1525790927842,9133.4,9147.8
1525790931965,9133.5,9146.4
1525790935421,9133.5,9143.6
1525790940061,9132.2,9141.1
1525790941664,9132.2,9139.8
1525790946859,9132.2,9139.8
1525790950532,9133.8,9155.7
1525790955010,9135.5,9153.0
1525790957552,9137.4,9151.7
1525790962225,9140.3,9154.4
1525790966273,9142.3,9151.8
1525790970277,9144.3,9153.0
1525790974571,9144.6,9158.4
1525790977813,9144.6,9155.8
1525790983043,9146.1,9154.6
1525790989127,9147.3,9157.9
1525790992795,9147.5,9157.9
1525790998035,9147.8,9156.8
1525791001428,9147.8,9156.7
1525791005815,9147.8,9156.7
1525791011077,9147.8,9155.3
1525791014435,9135.5,9159.0
1525791018411,9138.8,9156.4
1525791023361,9138.7,9153.8
1525791026347,9138.7,9155.0
1525791036803,9130.3,9148.5
1525791040470,9131.2,9147.1
1525791049998,9134.8,9144.5
1525791079194,9135.4,9146.9
1525791083419,9135.4,9144.4
1525791087016,9135.7,9148.2
1525791092231,9135.7,9148.2
1525791094381,9131.0,9157.0
1525791098518,9131.6,9157.0
1525791102559,9136.0,9156.9
1525791108139,9139.6,9156.9
1525791112856,9142.5,9157.3
1525791116174,9143.9,9157.3
1525791119727,9145.2,9157.3
1525791125284,9146.9,9157.3
1525791128292,9147.9,9156.1
1525791149685,9148.5,9159.9
1525791153882,9148.5,9157.3
1525791156781,9148.5,9156.0
1525791162406,9148.5,9156.0
1525791165063,9148.5,9156.0
1525791169550,9149.9,9159.9
1525791173877,9149.9,9157.3
1525791178214,9151.4,9161.2
1525791179594,9151.4,9159.9
1525791188926,9153.2,9161.3
1525791191934,9153.2,9162.5
1525791196629,9153.2,9161.3
1525791200433,9153.2,9162.5
1525791203962,9153.2,9162.5
1525791208064,9153.2,9162.5
1525791212202,9153.2,9161.2
1525791214796,9153.2,9162.5
1525791219309,9153.2,9161.3
1525791224078,9153.2,9161.1
1525791230723,9155.2,9161.1
1525791234634,9155.2,9162.5
1525791238428,9155.2,9162.5
1525791241835,9155.2,9162.5
1525791246564,9155.2,9162.5
1525791249749,9155.0,9162.5
1525791254377,9155.0,9162.5
1525791258175,9155.0,9162.5
1525791261882,9155.0,9162.5
1525791265439,9155.0,9162.5
1525791269110,9155.0,9162.5
1525791272636,9155.0,9162.5
1525791276760,9155.0,9162.5
1525791281722,9155.0,9162.5
1525791285540,9155.0,9162.5
1525791288786,9155.0,9162.5
1525791293321,9155.0,9162.5
1525791294834,9155.0,9162.5
1525791300836,9155.0,9162.5
1525791303230,9155.0,9162.5
1525791307735,9155.0,9162.5
1525791311361,9155.0,9162.5
1525791315134,9155.0,9162.5
1525791315134,9155.0,9162.5
1525791322944,9155.0,9162.5
1525791325486,9155.0,9162.5
1525791329706,9155.0,9162.5
1525791333714,9155.0,9162.5
1525791336547,9155.0,9162.5
1525791340553,9155.0,9162.5
1525791345167,9153.0,9161.2
1525791348812,9153.0,9162.4
1525791352826,9153.0,9161.1
1525791354703,9153.0,9161.1
1525791359847,9153.0,9161.1
1525791363212,9153.0,9161.1
1525791367430,9153.0,9161.2
1525791370602,9153.0,9161.1
1525791374748,9153.0,9161.1
1525791378746,9153.0,9161.1
1525791381922,9153.0,9161.1
1525791385331,9153.0,9161.1
1525791388309,9153.0,9161.1
1525791392211,9153.0,9161.2
1525791395734,9153.0,9161.0
1525791400815,9153.0,9161.0
1525791403964,9153.0,9161.0
1525791407838,9153.0,9161.0
1525791412291,9153.0,9161.0
1525791415488,9153.0,9161.0
1525791418409,9153.0,9161.0
1525791423594,9153.0,9161.0
1525791426774,9153.0,9161.0
1525791429720,9153.0,9161.0
1525791435544,9153.0,9161.0
1525791438584,9153.0,9161.0
1525791443027,9153.0,9161.0
1525791446201,9153.0,9161.0
1525791449674,9153.0,9160.8
1525791453406,9153.0,9160.9
1525791458159,9153.0,9160.9
1525791459717,9153.0,9160.9
1525791464762,9153.0,9160.9
1525791468890,9153.0,9160.9
1525791471795,9153.0,9160.9
1525791476498,9153.0,9160.9
1525791480998,9153.0,9160.9
1525791485162,9153.0,9160.9
1525791488920,9153.0,9160.9
1525791491789,9153.0,9160.9
1525791495514,9153.0,9160.9
1525791499926,9153.0,9160.9
1525791502101,9153.0,9160.9
1525791507522,9153.0,9160.9
1525791511025,9153.0,9160.9
1525791515166,9153.0,9160.9
1525791519020,9153.0,9160.9
1525791524416,9153.0,9160.9
1525791528067,9153.0,9160.9
1525791531932,9153.0,9160.9
1525791535606,9153.0,9160.9
1525791540014,9153.0,9160.9
1525791542326,9153.0,9160.9
1525791547758,9153.0,9160.9
1525791551352,9153.0,9160.9
1525791555591,9153.0,9160.9
1525791559253,9153.0,9160.9
1525791562798,9153.0,9160.9
1525791567766,9153.0,9160.9
1525791570787,9153.0,9160.9
1525791575274,9153.0,9160.9
1525791577979,9153.0,9160.9
1525791582654,9153.0,9160.9
1525791585926,9153.0,9160.9
1525791590597,9153.0,9160.9
1525791594133,9153.0,9160.9
1525791597553,9153.0,9160.9
1525791601655,9153.0,9160.9
1525791605327,9153.0,9160.9
1525791608944,9153.0,9160.9
1525791613476,9153.0,9160.9
1525791616075,9153.0,9160.9
1525791618912,9153.0,9160.9
1525791624644,9153.0,9160.9
1525791628065,9153.0,9161.0
1525791631938,9153.0,9161.0
1525791636702,9153.0,9161.0
1525791640137,9153.1,9161.0
1525791642819,9153.3,9161.0
1525791647931,9153.9,9161.0
1525791651225,9153.9,9161.0
1525791655061,9153.9,9161.0
1525791659105,9153.9,9161.0
1525791660746,9153.9,9161.0
1525791666514,9153.9,9161.0
1525791670871,9153.9,9161.0
1525791672654,9153.9,9161.0
1525791676990,9153.9,9161.0
1525791681761,9153.9,9161.0
1525791686009,9153.9,9161.0
1525791690311,9153.9,9161.0
1525791693102,9153.9,9161.0
1525791697268,9153.9,9161.0
1525791702075,9153.9,9161.0
1525791704085,9153.9,9161.0
1525791704085,9153.9,9161.0
1525791704085,9153.9,9161.0
1525791704085,9153.9,9161.0
1525791704085,9153.9,9161.0
1525791704085,9153.9,9161.0
1525791704085,9153.9,9161.0
1525791704085,9153.9,9161.0
1525791704085,9153.9,9161.0
1525791704085,9153.9,9161.0
1525791704085,9153.9,9161.0
1525791704085,9153.9,9161.0
1525791704085,9153.9,9161.0
1525791704085,9153.9,9161.0
1525791704085,9153.9,9161.0
1525791704085,9153.9,9161.0
1525791771610,9157.9,9174.0
1525791778226,9159.8,9176.9
1525791781190,9161.9,9178.3
1525791785323,9162.4,9176.9
1525791788588,9162.4,9173.1
1525791794236,9162.4,9170.4
1525791797989,9162.4,9170.3
1525791801149,9162.4,9170.3
1525791805751,9157.2,9179.5
1525791809151,9158.2,9177.0
1525791815346,9160.3,9173.1
1525791818952,9161.5,9171.7
1525791822141,9161.5,9171.8
1525791826726,9162.7,9170.5
1525791830182,9163.1,9177.8
1525791833537,9163.3,9176.6
1525791835937,9160.2,9178.2
1525791840409,9162.6,9178.0
1525791845168,9163.1,9176.7
1525791848656,9163.1,9174.1
1525791852123,9163.1,9171.6
1525791855725,9163.1,9171.5
1525791859392,9164.0,9172.8
1525791864143,9159.5,9178.3
1525791868384,9161.0,9175.7
1525791871897,9161.6,9176.9
1525791875225,9162.8,9174.4
1525791878524,9163.1,9173.1
1525791882885,9163.1,9174.3
1525791886980,9163.1,9172.9
1525791889428,9163.1,9171.7
1525791894405,9161.5,9177.9
1525791897711,9164.1,9176.6
1525791900915,9164.4,9175.2
1525791904433,9164.6,9172.7
1525791908253,9164.9,9174.0
1525791913784,9166.2,9174.0
1525791916309,9166.2,9174.0
1525791920959,9166.2,9174.1
1525791924829,9166.2,9174.1
1525791928661,9166.2,9180.1
1525791932803,9166.2,9178.9
1525791936822,9166.3,9177.6
1525791940249,9166.3,9177.6
1525791943823,9167.5,9175.1
1525791948327,9167.5,9176.1
1525791952439,9167.5,9177.0
1525791956520,9166.2,9175.8
1525791959652,9166.3,9174.7
1525791963549,9166.6,9174.7
1525791967008,9166.6,9174.7
1525791970997,9166.6,9174.7
1525791974441,9168.0,9182.4
1525791978397,9168.0,9182.4
1525791983673,9169.2,9182.4
1525791986753,9169.2,9181.2
1525791990595,9169.2,9178.6
1525791995472,9169.2,9182.4
1525791998552,9170.4,9179.8
1525792001861,9170.6,9178.5
1525792004812,9170.6,9179.8
1525792009264,9170.6,9183.7
1525792013895,9172.0,9181.1
1525792017278,9172.0,9179.8
1525792021643,9170.5,9182.4
1525792025180,9170.5,9181.2
1525792028939,9170.5,9178.6
1525792032945,9170.5,9182.3
1525792036229,9170.5,9179.8
1525792039621,9170.5,9178.5
1525792043515,9170.5,9179.7
1525792047899,9170.5,9178.4
1525792050656,9170.5,9178.4
1525792054643,9170.5,9178.4
1525792059171,9170.5,9181.1
1525792063124,9170.5,9179.8
1525792066121,9170.5,9182.5
1525792070152,9169.2,9179.9
1525792074200,9169.5,9182.3
1525792078459,9169.5,9180.9
1525792080851,9169.8,9179.6
1525792090001,9170.4,9182.5
1525792093708,9170.4,9181.1
1525792096528,9170.4,9179.8
1525792100399,9170.4,9182.4
1525792105707,9170.4,9183.5
1525792109495,9170.4,9183.5
1525792112371,9170.4,9182.4
1525792116703,9170.4,9179.8
1525792120661,9170.4,9178.6
1525792124329,9170.4,9178.5
1525792128094,9170.4,9182.4
1525792131719,9170.4,9179.8
1525792135620,9170.4,9181.2
1525792138918,9171.8,9179.8
1525792142225,9171.8,9179.8
1525792147116,9171.8,9179.8
1525792149980,9171.8,9179.8
1525792153721,9171.8,9179.7
1525792157828,9169.2,9182.4
1525792161822,9169.5,9179.8
1525792166068,9169.5,9181.1
1525792169174,9169.5,9182.4
1525792173492,9170.9,9182.4
1525792178216,9170.9,9182.4
1525792181661,9172.1,9182.2
1525792185132,9172.1,9182.2
1525792187256,9172.1,9182.2
1525792191984,9169.0,9181.2
1525792196745,9169.3,9179.9
1525792200033,9169.3,9178.6
1525792204543,9169.3,9179.5
1525792207446,9170.5,9178.3
1525792209888,9170.5,9179.4
1525792219005,9169.3,9178.2
1525792223765,9169.3,9178.2
1525792226361,9170.5,9183.4
1525792231056,9170.5,9179.6
1525792234456,9170.7,9178.3
1525792239564,9169.3,9180.8
1525792242213,9169.3,9179.5
1525792242213,9169.3,9179.5
1525792275815,9169.1,9182.0
1525792281029,9169.6,9178.2
1525792285902,9169.9,9181.0
1525792289445,9169.9,9179.7
1525792292560,9169.7,9180.9
1525792296961,9169.9,9178.3
1525792300457,9169.9,9179.4
1525792304544,9169.9,9178.2
1525792308229,9169.7,9181.9
1525792311837,9170.1,9179.5
1525792314430,9170.1,9178.2
1525792318757,9170.0,9182.5
1525792322308,9170.0,9181.1
1525792326511,9170.2,9179.8
1525792328955,9170.2,9178.5
1525792333742,9170.0,9181.9
1525792337528,9170.2,9180.7
1525792341060,9170.2,9178.2
1525792369201,9170.1,9178.4
1525792373334,9170.1,9178.4
1525792376907,9169.9,9178.2
1525792376907,9169.9,9178.2
1525792390958,9169.9,9177.9
1525792405452,9169.9,9177.6
1525792409494,9169.9,9177.3
1525792412233,9169.9,9177.0
1525792416868,9169.9,9176.7
1525792420234,9169.9,9176.7
1525792422809,9169.9,9176.4
1525792427498,9169.9,9176.1
1525792431608,9169.9,9175.8
1525792435413,9169.9,9175.8
1525792439232,9169.9,9175.5
1525792442440,9169.9,9175.5
1525792446081,9169.9,9175.5
1525792449568,9169.9,9175.2
1525792453031,9169.9,9175.2
1525792457363,9169.9,9174.9
1525792461432,9169.9,9174.9
1525792464715,9169.9,9174.6
1525792469161,9169.9,9174.3
1525792471621,9169.9,9174.0
1525792475961,9169.9,9173.9
1525792481072,9169.9,9173.9
1525792484845,9169.9,9173.9
1525792488398,9169.9,9180.9
1525792491697,9169.9,9180.9
1525792494950,9169.9,9182.3
1525792499407,9170.1,9178.5
1525792503632,9170.1,9179.7
1525792507876,9170.1,9180.9
1525792510293,9170.1,9182.4
1525792515748,9170.1,9179.8
1525792519280,9170.1,9183.6
1525792520354,9170.1,9183.6
1525792526688,9170.1,9179.7
1525792529913,9170.1,9178.4
1525792532275,9170.1,9182.2
1525792537893,9170.1,9181.1
1525792542307,9170.1,9179.9
1525792545684,9170.1,9178.5
1525792549156,9170.1,9181.1
1525792553001,9170.1,9178.6
1525792556708,9170.1,9181.1
1525792561261,9170.1,9181.1
1525792565316,9170.1,9181.1
1525792569160,9170.1,9180.9
1525792572877,9170.1,9179.6
1525792576301,9170.4,9182.2
1525792579491,9170.4,9179.6
1525792584955,9170.7,9179.6
1525792587702,9170.7,9178.3
1525792592555,9171.0,9182.4
1525792596515,9171.3,9179.8
1525792599254,9171.3,9183.7
1525792603612,9171.9,9181.1
1525792606596,9172.2,9182.3
1525792611116,9172.2,9179.7
1525792614786,9175.0,9179.6
1525792618725,9175.0,9180.9
1525792621623,9175.0,9180.9
1525792625456,9175.0,9183.6
1525792628453,9175.0,9183.6
1525792632497,9175.0,9183.6
1525792636709,9175.0,9182.4
1525792640221,9175.0,9182.4
1525792641580,9175.0,9182.4
1525792648131,9175.0,9183.6
1525792651136,9175.0,9183.6
1525792655561,9175.0,9183.6
1525792658155,9175.0,9182.4
1525792662889,9175.0,9182.4
1525792662889,9175.0,9182.4
1525792670335,9175.0,9182.4
1525792673670,9175.0,9183.6
1525792677652,9175.0,9183.6
1525792680807,9175.0,9183.6
1525792686405,9175.0,9183.6
1525792697594,9161.0,9182.4
1525792699793,9162.7,9182.4
1525792705619,9167.6,9181.1
1525792707137,9168.8,9181.1
1525792712934,9169.4,9182.4
1525792716279,9169.4,9181.1
1525792717924,9169.4,9179.8
1525792717924,9169.4,9179.8
1525792717924,9169.4,9179.8
1525792717924,9169.4,9179.8
1525792717924,9169.4,9179.8
1525792717924,9169.4,9179.8
1525792717924,9169.4,9179.8
1525792717924,9169.4,9179.8
1525792750013,9169.2,9182.1
1525792753956,9169.2,9179.8
1525792757138,9169.2,9178.5
1525792761480,9169.2,9179.5
1525792764512,9169.2,9178.1
1525792768911,9169.2,9178.1
1525792773117,9169.2,9180.8
1525792776771,9169.2,9179.4
1525792780220,9169.2,9176.9
1525792784531,9169.2,9179.3
1525792788592,9169.2,9176.8
1525792792255,9169.8,9178.1
1525792795914,9171.4,9180.7
1525792799754,9171.5,9180.5
1525792802206,9171.5,9180.5
1525792806654,9162.1,9180.5
1525792811653,9166.4,9180.5
1525792815176,9168.3,9180.5
1525792819017,9169.6,9180.5
1525792822439,9169.9,9180.5
1525792825652,9170.2,9180.3
1525792829125,9170.2,9180.3
1525792832690,9170.2,9180.3
1525792836932,9170.2,9180.3
1525792840809,9170.2,9180.3
1525792844650,9170.2,9179.1
1525792847007,9170.5,9179.1
1525792852215,9170.5,9183.7
1525792855471,9170.5,9183.7
1525792858984,9170.5,9183.7
1525792862514,9170.7,9183.6
1525792866689,9170.7,9183.6
1525792870177,9170.7,9183.6
1525792875325,9164.2,9183.6
1525792879313,9164.3,9183.6
1525792883643,9164.3,9183.6
1525792886872,9164.3,9183.4
1525792890945,9164.3,9183.6
1525792895366,9164.3,9183.4
1525792898499,9164.3,9183.6
1525792901752,9164.3,9183.6
1525792906220,9164.3,9183.6
1525792910293,9164.3,9183.6
1525792912908,9164.3,9183.6
1525792917518,9168.0,9183.4
1525792920990,9168.0,9183.4
1525792925120,9168.0,9182.0
1525792927821,9168.0,9182.0
1525792931647,9168.0,9182.0
1525792936126,9168.0,9182.0
1525792939521,9168.0,9181.8
1525792942714,9168.0,9181.8
1525792946854,9168.2,9180.7
1525792950191,9168.2,9180.7
1525792954181,9168.2,9180.7
1525792957773,9168.2,9179.3
1525792961465,9168.2,9178.0
1525792964036,9168.2,9176.7
1525792969097,9168.2,9176.6
1525792972666,9145.4,9176.6
1525792977758,9147.5,9175.0
1525792980539,9148.2,9180.3
1525792982065,9148.5,9178.9
1525792988256,9150.3,9174.7
1525792992032,9151.5,9172.1
1525792996528,9152.1,9169.2
1525792999267,9152.1,9166.5
1525793004077,9152.4,9166.5
1525793008615,9149.8,9167.8
1525793008615,9149.8,9167.8
1525793014221,9150.8,9177.6
1525793018672,9157.2,9177.4
1525793021768,9157.7,9174.9
1525793026323,9158.2,9179.0
1525793030166,9152.7,9176.7
1525793035250,9156.3,9174.0
1525793038588,9156.3,9174.0
1525793042525,9157.6,9181.6
1525793045998,9158.1,9179.0
1525793048603,9158.4,9177.7
1525793052693,9159.8,9175.1
1525793055780,9159.8,9173.9
1525793060557,9160.1,9175.0
1525793063455,9160.1,9173.8
1525793069385,9160.1,9173.8
1525793071768,9160.1,9173.8
1525793076435,9160.1,9171.1
1525793080655,9160.4,9172.3
1525793083314,9160.4,9175.0
1525793087272,9160.4,9172.4
1525793091033,9160.4,9169.8
1525793094896,9160.4,9168.5
1525793099660,9160.4,9168.4
1525793102125,9160.4,9168.4
1525793107223,9160.4,9168.4
1525793110900,9161.0,9173.7
1525793116168,9161.0,9171.0
1525793121373,9161.0,9168.4
1525793124940,9161.0,9169.6
1525793128712,9161.0,9169.7
1525793132280,9154.0,9173.5
1525793135720,9155.5,9174.8
1525793138825,9155.8,9173.5
1525793143004,9155.8,9171.0
1525793147128,9155.8,9168.3
1525793149925,9158.8,9167.0
1525793154526,9159.1,9170.9
1525793157359,9158.6,9175.0
1525793160803,9159.1,9172.4
1525793166330,9159.1,9169.8
1525793169997,9158.6,9166.9
1525793174458,9158.6,9166.9
1525793177232,9158.6,9166.9
1525793181009,9158.6,9166.9
1525793185356,9153.7,9173.7
1525793189220,9153.8,9171.0
1525793192157,9151.3,9174.7
1525793196057,9151.4,9172.2
1525793200841,9151.5,9169.7
1525793203213,9151.3,9168.2
1525793208299,9151.2,9166.9
1525793211642,9151.3,9164.2
1525793215754,9151.5,9163.0
1525793219978,9151.5,9160.4
1525793222158,9151.5,9159.1
1525793227537,9151.8,9160.3
1525793231027,9151.3,9171.1
1525793232143,9160.3,9170.8
1525793238597,9160.3,9168.3
1525793242239,9160.3,9168.3
1525793245767,9160.3,9168.3
1525793250144,9160.3,9168.3
1525793253932,9160.3,9168.3
1525793257596,9160.3,9168.0
1525793260019,9160.3,9168.0
1525793264456,9160.3,9167.7
1525793267869,9160.3,9167.7
1525793272459,9160.3,9167.3
1525793275868,9160.3,9167.1
1525793279242,9160.3,9166.8
1525793281552,9160.3,9166.8
1525793286594,9160.3,9166.8
1525793291010,9160.3,9166.8
1525793294758,9160.3,9166.8
1525793298612,9160.3,9166.8
1525793301945,9160.3,9166.8
1525793305210,9160.3,9166.8
1525793309320,9160.5,9165.0
1525793313212,9160.5,9165.0
1525793314347,9160.5,9164.9
1525793320810,9160.5,9164.9
1525793322045,9160.5,9164.9
1525793328541,9160.5,9165.0
1525793332289,9160.5,9165.0
1525793336074,9160.5,9165.0
1525793341058,9160.5,9165.0
1525793342226,9160.5,9165.0
1525793348232,9160.5,9165.0
1525793351842,9160.5,9165.0
1525793355108,9160.5,9165.0
1525793357608,9160.5,9165.0
1525793363398,9160.5,9165.0
1525793366507,9160.5,9165.0
1525793370005,9160.5,9165.0
1525793374205,9160.5,9165.0
1525793378157,9160.5,9165.0
1525793381587,9160.5,9165.0
1525793386297,9160.5,9165.0
1525793389832,9160.5,9164.9
1525793393998,9160.5,9164.9
1525793397204,9160.5,9164.9
1525793402032,9160.5,9164.9
1525793405452,9160.5,9164.9
1525793408128,9160.5,9164.9
1525793413369,9160.5,9164.9
1525793416941,9160.5,9164.9
1525793420539,9164.9,9165.0
1525793424184,9164.9,9165.0
1525793427599,9164.9,9165.0
1525793431947,9164.9,9165.0
1525793434303,9164.9,9165.0
1525793438598,9164.9,9165.0
1525793442430,9164.9,9173.1
1525793446726,9164.9,9173.1
1525793450660,9164.9,9172.8
1525793454578,9164.9,9172.7
1525793457211,9164.9,9172.5
1525793462112,9160.5,9168.9
1525793465328,9160.5,9169.9
1525793469408,9160.5,9169.9
1525793473157,9160.5,9169.9
1525793475687,9160.3,9168.6
1525793480029,9160.3,9176.9
1525793484287,9160.3,9171.9
1525793488700,9160.5,9169.4
1525793491901,9160.5,9168.0
1525793496009,9160.3,9174.1
1525793499452,9160.3,9171.5
1525793502964,9160.5,9170.1
1525793506642,9160.3,9175.7
1525793511047,9161.0,9171.2
1525793515227,9161.2,9168.6
1525793518288,9161.0,9168.5
1525793521130,9161.0,9175.5
1525793526828,9161.0,9172.8
1525793530435,9161.2,9170.3
1525793534451,9161.0,9178.1
1525793536863,9161.0,9175.6
1525793542469,9161.0,9172.6
1525793546033,9161.0,9170.1
1525793549585,9161.5,9168.8
1525793553599,9163.0,9176.1
1525793557080,9163.0,9174.7
1525793562125,9163.0,9172.1
1525793565725,9163.0,9176.0
1525793567986,9163.0,9174.8
1525793572242,9163.0,9172.2
1525793576125,9163.0,9170.9
1525793579757,9163.0,9174.8
1525793583787,9163.0,9173.4
1525793588949,9163.0,9179.9
1525793593572,9163.0,9177.3
1525793598114,9163.0,9174.7
1525793598114,9163.0,9174.7
1525793604758,9163.0,9173.5
1525793609244,9164.4,9176.0
1525793612805,9165.7,9174.7
1525793615992,9167.0,9173.5
1525793619953,9168.3,9177.4
1525793624126,9169.9,9176.0
1525793626944,9171.1,9178.6
1525793630940,9172.5,9178.7
1525793632085,9172.5,9178.6
1525793637076,9172.8,9179.9
1525793640765,9172.8,9179.9
1525793645348,9172.8,9179.9
1525793649732,9172.8,9179.9
1525793653361,9172.8,9179.9
1525793656181,9172.8,9179.9
1525793659976,9172.8,9179.9
1525793664202,9172.8,9179.9
1525793667452,9172.8,9179.9
1525793671293,9172.8,9179.9
1525793674401,9172.8,9179.9
1525793680077,9172.8,9179.9
1525793680077,9172.8,9179.9
1525793686851,9172.8,9179.9
1525793686851,9172.8,9179.9
1525793695366,9172.8,9179.9
1525793698668,9172.8,9179.9
1525793698668,9172.8,9179.9
1525793706877,9172.8,9179.9
1525793710229,9172.8,9179.9
1525793714894,9172.8,9179.9
1525793719050,9172.8,9179.9
1525793720029,9172.8,9179.9
1525793726056,9172.8,9179.9
1525793729640,9172.8,9179.9
1525793733640,9172.8,9179.9
1525793735809,9172.8,9179.9
1525793740707,9172.8,9179.9
1525793744090,9172.6,9179.9
1525793748323,9172.6,9179.7
1525793750912,9172.6,9179.7
1525793755546,9172.6,9179.7
1525793759433,9172.6,9172.8
1525793763194,9172.6,9172.8
1525793767223,9172.6,9172.8
1525793770872,9172.6,9172.8
1525793774810,9172.6,9172.8
1525793778593,9172.6,9172.8
1525793782070,9172.6,9172.8
1525793785979,9172.6,9172.8
1525793789573,9172.6,9179.6
1525793793112,9172.6,9179.6
1525793797384,9172.6,9179.6
1525793801736,9172.6,9179.6
1525793804929,9172.6,9179.6
1525793808417,9172.6,9179.6
1525793812732,9172.6,9179.6
1525793816857,9172.6,9179.6
1525793820807,9172.6,9174.5
1525793824607,9172.6,9174.9
1525793828329,9172.6,9174.9
1525793832300,9172.6,9179.7
1525793833627,9172.6,9179.7
1525793840049,9172.6,9173.0
1525793843693,9172.6,9173.0
1525793847782,9172.6,9173.0
1525793850846,9172.6,9173.0
1525793854791,9172.6,9173.0
1525793859277,9172.6,9173.0
1525793862539,9172.6,9173.0
1525793866759,9172.6,9173.0
1525793869443,9172.6,9173.0
1525793873172,9172.6,9173.0
1525793876690,9172.6,9173.0
1525793880475,9172.6,9173.0
1525793884984,9172.6,9173.0
1525793888859,9172.6,9173.0
1525793890218,9172.6,9173.0
1525793895760,9172.6,9173.0
1525793898448,9172.6,9173.0
1525793903788,9172.6,9173.0
1525793907304,9172.6,9173.0
1525793910713,9172.6,9173.0
1525793914722,9172.6,9173.0
1525793917577,9172.6,9173.0
1525793921402,9172.6,9173.0
1525793925876,9172.6,9173.0
1525793928813,9172.6,9173.0
1525793933536,9172.6,9173.0
1525793936273,9172.6,9173.0
1525793939018,9172.6,9173.0
1525793944596,9172.6,9173.0
1525793948067,9172.6,9173.0
1525793951357,9172.6,9173.0
1525793955585,9172.6,9173.0
1525793959535,9172.6,9173.0
1525793963036,9172.6,9173.0
1525793966575,9172.6,9173.0
1525793969478,9172.6,9173.0
1525793974142,9172.6,9173.0
1525793978629,9172.6,9179.6
1525793981481,9172.6,9179.6
1525793985725,9172.8,9179.6
1525793989380,9172.8,9179.9
1525793992119,9172.8,9179.9
1525793995639,9172.8,9175.0
1525793999584,9172.8,9174.9
1525794003790,9172.8,9174.9
1525794007331,9172.8,9174.9
1525794010920,9172.8,9174.9
1525794014725,9172.8,9174.9
1525794019090,9172.8,9174.9
1525794021293,9172.8,9174.9
1525794026454,9172.8,9179.9
1525794030140,9172.8,9179.9
1525794033596,9172.6,9172.8
1525794037409,9172.6,9172.8
1525794041504,9172.6,9172.8
1525794045856,9172.6,9172.8
1525794049113,9172.6,9179.6
1525794052582,9172.6,9179.6
1525794055920,9172.6,9179.6
1525794060251,9172.6,9179.6
1525794061318,9172.6,9179.6
1525794068466,9172.6,9179.6
1525794070990,9172.6,9179.6
1525794076329,9172.6,9179.6
1525794078138,9172.6,9179.6
1525794081532,9172.6,9179.6
1525794087178,9172.6,9179.6
1525794090572,9172.6,9179.6
1525794094769,9172.6,9179.6
1525794098923,9172.6,9179.6
1525794101993,9172.6,9179.6
1525794105867,9172.6,9179.6
1525794110330,9172.6,9179.6
1525794113269,9172.6,9179.6
1525794117254,9172.6,9179.6
1525794122796,9172.6,9179.6
1525794127298,9172.6,9179.6
1525794128920,9172.6,9179.9
1525794133963,9172.6,9179.9
1525794137421,9172.6,9179.9
1525794140851,9175.6,9179.7
1525794146428,9175.6,9179.9
1525794149657,9175.6,9179.9
1525794153739,9175.6,9179.9
1525794157323,9175.6,9179.9
1525794161547,9175.6,9179.9
1525794165876,9175.6,9179.9
1525794169044,9175.6,9179.7
1525794172730,9175.6,9179.9
1525794174939,9175.6,9179.9
1525794179923,9175.6,9179.9
1525794182132,9175.6,9179.9
1525794187907,9175.6,9179.7
1525794191578,9175.6,9179.7
1525794195222,9175.6,9179.7
1525794198123,9175.6,9179.9
1525794202609,9175.6,9179.7
1525794206268,9175.6,9179.9
1525794210342,9175.6,9179.9
1525794214180,9175.6,9179.9
1525794217084,9175.6,9179.7
1525794220688,9175.6,9179.9
1525794224281,9175.6,9179.9
1525794229716,9175.6,9179.9
1525794233508,9175.6,9179.9
1525794236867,9175.6,9179.7
1525794240785,9175.6,9179.9
1525794245285,9175.6,9179.9
1525794248548,9175.6,9179.7
1525794252640,9175.6,9179.9
1525794253780,9175.6,9179.9
1525794259530,9175.6,9179.9
1525794263478,9175.6,9179.9
1525794266490,9175.6,9179.9
1525794270953,9175.6,9179.9
1525794275324,9175.6,9179.9
1525794278288,9175.6,9179.7
1525794283234,9172.7,9179.7
1525794287273,9172.7,9179.7
1525794288398,9172.7,9179.7
1525794294714,9172.6,9178.0
1525794297897,9172.6,9178.0
1525794301229,9172.6,9178.0
1525794305153,9173.0,9178.0
1525794309373,9173.0,9178.0
1525794314134,9173.0,9178.0
1525794316628,9172.7,9173.0
1525794320586,9172.7,9173.0
1525794325017,9172.6,9173.0
1525794327616,9172.6,9173.0
1525794332893,9172.6,9173.0
1525794336146,9172.6,9173.0
1525794339985,9172.6,9173.0
1525794343267,9172.6,9173.0
1525794346518,9172.6,9173.0
1525794351345,9172.6,9173.0
1525794354820,9172.6,9173.0
1525794357995,9172.6,9173.0
1525794360366,9172.6,9173.0
1525794365896,9172.6,9173.0
1525794369587,9172.6,9179.7
1525794373028,9172.6,9179.7
1525794376152,9172.6,9179.7
1525794380999,9172.6,9179.7
1525794384420,9172.6,9179.7
1525794388415,9172.6,9179.7
1525794388415,9172.6,9179.7
1525794396309,9172.6,9179.7
1525794399820,9172.6,9179.7
1525794401341,9172.6,9179.7
1525794406743,9172.6,9179.7
1525794410722,9172.6,9179.7
1525794414354,9172.6,9179.7
1525794419025,9172.9,9183.7
1525794421540,9172.9,9183.7
1525794425165,9172.9,9183.7
1525794425165,9172.9,9183.7
1525794434772,9172.9,9183.7
1525794437797,9172.9,9183.7
1525794441539,9172.9,9183.7
1525794446237,9172.9,9183.7
1525794450073,9172.9,9183.7
1525794452605,9172.7,9183.8
1525794456787,9172.7,9183.8
1525794459661,9172.7,9183.8
1525794464346,9172.7,9183.8
1525794467442,9172.7,9183.8
1525794471436,9172.7,9183.8
1525794474915,9172.7,9183.8
1525794478706,9173.9,9183.8
1525794478706,9173.9,9183.8
1525794490228,9173.9,9183.8
1525794494288,9174.2,9183.8
1525794497810,9174.2,9183.8
1525794502192,9174.2,9183.8
1525794505448,9176.7,9185.0
1525794509233,9176.7,9185.0
1525794513320,9176.7,9185.0
1525794514460,9176.7,9185.0
1525794514460,9176.7,9185.0
1525794524423,9176.7,9185.0
1525794528869,9176.7,9185.0
1525794532173,9177.8,9185.0
1525794536257,9179.3,9185.0
1525794539323,9179.6,9185.0
1525794543113,9180.2,9185.0
1525794546531,9181.4,9185.0
1525794550493,9181.4,9185.0
1525794554517,9184.2,9185.0
1525794558077,9184.7,9185.0
1525794562982,9184.7,9185.0
1525794568355,9184.7,9185.0
1525794572082,9184.7,9185.0
1525794575959,9184.7,9185.0
1525794579537,9184.7,9185.0
1525794583890,9184.7,9185.0
1525794587318,9184.5,9184.7
1525794594454,9184.2,9184.7
1525794601056,9184.2,9184.7
1525794603434,9184.2,9184.7
1525794609339,9184.2,9184.7
1525794613418,9184.2,9184.7
1525794620065,9184.2,9184.7
1525794623648,9184.2,9184.7
1525794628012,9184.2,9184.7
1525794631847,9180.0,9184.7
1525794635766,9180.0,9184.7
1525794638062,9180.0,9184.7
1525794643169,9180.0,9184.7
1525794646909,9180.0,9184.5
1525794651619,9180.0,9184.5
1525794654137,9180.0,9184.5
1525794658432,9180.0,9184.5
1525794662467,9180.0,9184.5
1525794666648,9180.0,9184.5
1525794670045,9180.0,9184.5
1525794672037,9180.0,9184.5
1525794676600,9180.0,9184.7
1525794680665,9183.8,9184.7
1525794683712,9176.8,9184.7
1525794695585,9176.8,9184.7
1525794701907,9176.8,9185.0
1525794706610,9176.8,9185.0
1525794708168,9176.8,9185.0
1525794713785,9176.8,9185.0
1525794718036,9176.8,9185.0
1525794721564,9176.8,9185.0
1525794724743,9176.8,9185.0
1525794730078,9177.0,9185.0
1525794733919,9177.0,9185.0
1525794736502,9177.0,9185.0
1525794740580,9177.0,9185.0
1525794744959,9177.0,9185.0
1525794748253,9177.0,9185.0
1525794752612,9177.0,9185.0
1525794756146,9177.0,9185.0
1525794759996,9177.0,9185.0
1525794763561,9177.0,9185.0
1525794766824,9177.0,9185.0
1525794770871,9177.0,9185.0
1525794774008,9177.0,9185.0
1525794779870,9177.0,9185.0
1525794783276,9177.0,9185.0
1525794786943,9177.0,9185.0
1525794791193,9177.0,9185.0
1525794795164,9177.1,9185.0
1525794798923,9177.1,9185.0
1525794802220,9177.1,9185.0
1525794806847,9177.1,9185.0
1525794811057,9177.1,9185.0
1525794815605,9177.1,9185.0
1525794819107,9177.1,9185.0
1525794823579,9177.1,9185.0
1525794827013,9177.1,9185.0
1525794830236,9177.1,9185.0
1525794831232,9177.1,9185.0
1525794837686,9178.0,9185.0
1525794841409,9178.0,9185.0
1525794845186,9178.0,9185.0
1525794847633,9178.0,9185.0
1525794847633,9178.0,9185.0
1525794855390,9178.0,9185.0
1525794859222,9184.5,9185.0
1525794864747,9184.5,9185.0
1525794868507,9184.5,9185.0
1525794872156,9184.5,9185.0
1525794876576,9184.5,9185.0
1525794880111,9184.5,9185.0
1525794884134,9184.5,9185.0
1525794884134,9184.5,9185.0
1525794892101,9184.5,9185.0
1525794895318,9184.5,9185.0
1525794898924,9184.5,9185.0
1525794901664,9184.5,9185.0
1525794906639,9184.5,9185.0
1525794910852,9184.5,9185.0
1525794913509,9184.5,9185.0
1525794917792,9184.5,9185.0
1525794921557,9184.5,9185.0
1525794926332,9184.5,9185.0
1525794929912,9184.5,9185.0
1525794933918,9184.5,9185.0
1525794938462,9184.5,9185.0
1525794941791,9184.5,9185.0
1525794945120,9184.5,9185.0
1525794949952,9184.5,9185.0
1525794953130,9184.5,9185.0
1525794956471,9184.5,9185.0
1525794956471,9184.5,9185.0
1525794965413,9184.7,9185.0
1525794968016,9184.7,9185.0
1525794973744,9184.7,9185.0
1525794977448,9184.7,9185.0
1525794981468,9184.7,9185.0
1525794985173,9184.7,9185.0
1525794988686,9184.7,9185.0
1525794992257,9184.7,9185.0
1525794996717,9184.7,9185.0
1525795000429,9184.7,9185.0
1525795003080,9184.7,9185.0
1525795007307,9184.7,9185.0
1525795011401,9184.7,9185.0
1525795014380,9184.7,9185.0
1525795018003,9184.7,9185.0
1525795022160,9184.7,9185.0
1525795025426,9184.7,9185.0
1525795029500,9184.7,9185.0
1525795033360,9184.7,9185.0
1525795037287,9184.7,9185.0
1525795041027,9184.7,9185.0
1525795044425,9184.7,9185.0
1525795046146,9184.7,9185.0
1525795046146,9184.7,9185.0
1525795056052,9184.7,9185.0
1525795059771,9184.7,9185.0
1525795063392,9184.7,9185.0
1525795067821,9184.7,9185.0
1525795071485,9184.7,9185.0
1525795074258,9184.7,9185.0
1525795077044,9184.7,9185.0
1525795082155,9184.7,9185.0
1525795086516,9184.7,9185.0
1525795089386,9184.7,9185.0
1525795093857,9184.7,9185.0
1525795096809,9184.7,9185.0
1525795100035,9184.7,9185.0
1525795105372,9184.7,9185.0
1525795108987,9184.7,9185.0
1525795112720,9184.7,9185.0
1525795115624,9184.7,9185.0
1525795120204,9184.7,9185.0
1525795124003,9184.7,9185.0
1525795126952,9184.7,9185.0
1525795131852,9184.7,9185.0
1525795136212,9184.7,9185.0
1525795139129,9184.7,9185.0
1525795142265,9184.7,9185.0
1525795148102,9184.8,9185.0
1525795151798,9184.8,9185.0
1525795152986,9184.8,9185.0
1525795162817,9184.8,9185.0
1525795166172,9184.8,9185.0
1525795170540,9184.8,9185.0
1525795173675,9184.8,9185.0
1525795177663,9185.2,9198.4
1525795180353,9185.2,9195.6
1525795184845,9185.2,9194.2
1525795187955,9185.2,9192.8
1525795192417,9185.2,9192.8
1525795194802,9185.2,9192.8
1525795194802,9185.2,9192.8
1525795203657,9185.2,9192.8
1525795207315,9185.2,9192.8
1525795211357,9185.2,9192.8
1525795215392,9192.3,9192.8
1525795218194,9192.3,9192.8
1525795222670,9181.0,9192.8
1525795225276,9181.0,9191.4
1525795230908,9181.0,9190.0
1525795234683,9179.9,9188.0
1525795237446,9179.9,9188.0
1525795241350,9179.8,9188.0
1525795245585,9179.8,9188.0
1525795248850,9179.8,9188.0
1525795252714,9179.8,9188.0
1525795256531,9179.8,9188.0
1525795260900,9179.8,9188.0
1525795264612,9179.8,9188.0
1525795264612,9179.8,9188.0
1525795272263,9179.8,9188.0
1525795275728,9179.8,9188.0
1525795279814,9179.8,9188.0
1525795283278,9179.8,9188.0
1525795287273,9179.8,9188.0
1525795290539,9179.8,9188.0
1525795293038,9179.8,9188.0
1525795298519,9179.8,9188.0
1525795301596,9179.8,9188.0
1525795306847,9179.8,9188.0
1525795311868,9179.8,9188.0
1525795315212,9179.8,9188.0
1525795318722,9179.9,9188.0
1525795322124,9179.9,9188.0
1525795325469,9179.9,9188.0
1525795330300,9179.9,9188.0
1525795332988,9182.4,9188.0
1525795337807,9182.4,9188.0
1525795340684,9182.4,9188.0
1525795344597,9182.4,9188.0
1525795348600,9182.4,9188.0
1525795352382,9182.4,9188.0
1525795355533,9182.4,9188.0
1525795359224,9179.8,9188.0
1525795363990,9179.8,9188.0
1525795365413,9179.8,9188.0
1525795370671,9179.8,9188.0
1525795373655,9179.8,9188.0
1525795377864,9179.8,9188.0
1525795381593,9179.8,9188.0
1525795385272,9179.8,9188.0
1525795389057,9179.8,9188.0
1525795392532,9179.8,9188.0
1525795395903,9179.8,9188.0
1525795400595,9179.8,9188.0
1525795403560,9179.8,9188.0
1525795406464,9179.8,9188.0
1525795411764,9179.8,9188.0
1525795415697,9179.8,9188.0
1525795418837,9179.8,9188.0
1525795420045,9179.8,9188.0
1525795425740,9179.8,9188.0
1525795425740,9179.8,9188.0
1525795436028,9179.8,9188.0
1525795438860,9179.8,9188.0
1525795442709,9179.8,9188.0
1525795448492,9179.8,9188.0
1525795452534,9179.8,9188.0
1525795455383,9179.8,9188.0
1525795459812,9179.8,9187.7
1525795463448,9179.8,9187.7
1525795467195,9179.8,9187.7
1525795470917,9179.8,9187.7
1525795474205,9179.8,9187.7
1525795478225,9179.8,9187.7
1525795482599,9179.8,9187.7
1525795485446,9179.8,9187.7
1525795489392,9179.8,9187.7
1525795493249,9179.8,9187.7
1525795496541,9179.8,9187.7
1525795500858,9179.8,9187.7
1525795502148,9179.8,9187.7
1525795505332,9179.8,9187.7
1525795510949,9179.8,9187.7
1525795516232,9179.8,9187.7
1525795519750,9179.8,9187.7
1525795522476,9179.8,9187.7
1525795526709,9179.8,9187.7
1525795530439,9179.8,9187.7
1525795534099,9179.8,9187.7
1525795538782,9179.8,9187.7
1525795541813,9179.8,9187.7
1525795545367,9179.8,9187.7
1525795549753,9179.8,9187.7
1525795553591,9179.8,9187.7
1525795555051,9179.8,9187.7
1525795555051,9179.8,9187.7
1525795568746,9179.8,9187.7
1525795570815,9179.8,9187.7
1525795576745,9179.8,9187.7
1525795580067,9179.8,9187.7
1525795583564,9179.8,9187.7
1525795586776,9179.8,9187.7
1525795591545,9179.8,9187.7
1525795593831,9179.8,9187.7
1525795595014,9179.8,9187.7
1525795602549,9179.8,9187.7
1525795606129,9179.8,9187.7
1525795609608,9179.8,9187.7
1525795612835,9179.8,9187.7
1525795616315,9179.8,9187.7
1525795620156,9179.8,9187.7
1525795625224,9179.8,9187.7
1525795627849,9179.8,9187.7
1525795632095,9179.8,9187.7
1525795635633,9179.8,9187.7
1525795638758,9179.8,9187.7
1525795642465,9179.8,9187.7
1525795647632,9179.8,9187.7
1525795650964,9179.8,9187.7
1525795650964,9179.8,9187.7
1525795658010,9179.8,9187.7
1525795662196,9179.8,9187.7
1525795666597,9179.8,9187.7
1525795668200,9179.8,9187.7
1525795673414,9179.8,9187.7
1525795677324,9179.8,9187.7
1525795677324,9179.8,9187.7
1525795685126,9179.8,9187.7
1525795687672,9179.8,9187.7
1525795693292,9179.8,9187.7
1525795695846,9179.8,9187.7
1525795700196,9179.8,9187.7
1525795704818,9179.8,9187.7
1525795708536,9179.8,9187.7
1525795711961,9179.8,9187.7
1525795714531,9179.8,9187.7
1525795719581,9179.8,9187.7
1525795721881,9179.8,9187.7
1525795726800,9179.8,9187.7
1525795730319,9179.8,9187.7
1525795733792,9179.8,9187.7
1525795737539,9179.8,9187.7
1525795742188,9179.8,9187.7
1525795745404,9179.8,9187.7
1525795749652,9179.8,9187.7
1525795752981,9179.8,9187.7
1525795757200,9179.8,9187.7
1525795760677,9179.8,9187.7
1525795763260,9179.8,9187.7
1525795768604,9179.8,9187.7
1525795770934,9179.8,9187.7
1525795775820,9179.8,9187.7
1525795778945,9179.8,9187.7
1525795783270,9179.8,9187.7
1525795787007,9179.8,9187.7
1525795790656,9179.8,9187.7
1525795794065,9179.8,9187.7
1525795798391,9179.8,9187.7
1525795801805,9179.8,9187.7
1525795805300,9179.8,9187.7
1525795808838,9179.8,9187.7
1525795813303,9179.8,9187.7
1525795816704,9179.8,9187.7
1525795820832,9179.8,9187.7
1525795824328,9179.8,9187.7
1525795826647,9179.8,9187.7
1525795831567,9179.8,9187.7
1525795836616,9179.8,9187.7
1525795840014,9179.8,9187.7
1525795844201,9179.8,9187.7
1525795848423,9179.8,9187.7
1525795852345,9179.8,9187.7
1525795859328,9179.8,9187.7
1525795864660,9179.8,9187.7
1525795867806,9179.8,9187.7
1525795871692,9179.8,9187.7
1525795875200,9179.8,9187.7
1525795880142,9179.8,9187.7
1525795884691,9179.8,9187.7
1525795887791,9179.8,9187.7
1525795890632,9179.8,9187.7
1525795894576,9179.8,9187.7
1525795899220,9179.8,9187.7
1525795902440,9179.8,9187.7
1525795906930,9179.8,9187.7
1525795909168,9179.8,9187.7
1525795913549,9179.8,9187.7
1525795917601,9179.8,9187.7
1525795918896,9179.8,9187.7
1525795925023,9179.8,9187.7
1525795927504,9179.8,9187.7
1525795932103,9179.8,9187.7
1525795933444,9179.8,9187.7
1525795960723,9179.8,9187.7
1525795965331,9179.8,9187.7
1525795969038,9179.8,9187.7
1525795972531,9179.8,9187.7
1525795976359,9179.8,9187.7
1525795980991,9179.8,9187.7
1525795982131,9179.8,9187.7
1525795987669,9179.8,9187.7
1525795992616,9179.8,9187.7
1525795995705,9179.8,9187.7
1525795999199,9179.8,9187.7
1525796002576,9179.8,9187.7
1525796006603,9179.8,9187.7
1525796010280,9179.8,9187.7
1525796014680,9179.8,9187.7
1525796014680,9179.8,9187.7
1525796022353,9179.8,9187.7
1525796022353,9179.8,9187.7
1525796029908,9179.8,9187.7
1525796032549,9179.8,9187.7
1525796035197,9179.8,9187.7
1525796041896,9179.8,9187.7
1525796045352,9179.8,9187.7
1525796048932,9179.8,9187.7
1525796052344,9179.8,9187.7
1525796052344,9179.8,9187.7
1525796067487,9179.8,9187.7
1525796071287,9179.8,9187.7
1525796075646,9179.8,9187.7
1525796078240,9179.8,9187.7
1525796082383,9179.8,9187.7
1525796086095,9179.8,9187.7
1525796090036,9179.8,9187.7
1525796092753,9179.8,9187.7
1525796097889,9179.8,9187.7
1525796100328,9179.8,9187.7
1525796105251,9184.9,9187.7
1525796108821,9184.9,9187.7
1525796112909,9184.9,9187.7
1525796116581,9184.9,9187.7
1525796120739,9184.9,9187.7
1525796125905,9184.9,9187.7
1525796129655,9184.9,9187.7
1525796132060,9184.9,9187.7
1525796137967,9184.9,9187.7
1525796141186,9184.9,9187.7
1525796144760,9184.9,9187.7
1525796148818,9184.9,9187.7
1525796152817,9184.9,9187.7
1525796156676,9184.9,9187.7
1525796156676,9184.9,9187.7
1525796163500,9184.9,9187.7
1525796168071,9184.9,9187.7
1525796173577,9179.8,9187.7
1525796175148,9179.8,9187.7
1525796180943,9179.8,9187.7
1525796184547,9179.8,9187.7
1525796188651,9179.8,9187.7
1525796192651,9179.8,9187.7
1525796197820,9179.8,9187.7
1525796201428,9179.8,9187.7
1525796205676,9179.8,9187.7
1525796208728,9179.8,9187.7
1525796208728,9179.8,9187.7
1525796216348,9179.8,9187.7
1525796221623,9179.8,9187.7
1525796222808,9179.8,9187.7
1525796228985,9179.8,9187.7
1525796232653,9179.8,9187.7
1525796236094,9179.8,9187.7
1525796240696,9179.8,9187.7
1525796241772,9179.8,9187.7
1525796247228,9179.8,9187.7
1525796251578,9179.8,9187.7
1525796255136,9179.8,9187.7
1525796259235,9179.8,9187.7
1525796262780,9179.8,9187.7
1525796266817,9179.8,9187.7
1525796269874,9179.8,9187.7
1525796274062,9179.8,9187.7
1525796277525,9179.8,9187.7
1525796281564,9179.8,9187.7
1525796286381,9179.8,9187.7
1525796289724,9179.8,9187.7
1525796292329,9179.8,9187.7
1525796298224,9179.8,9187.7
1525796298224,9179.8,9187.7
1525796306448,9180.0,9187.7
1525796309208,9180.0,9187.7
1525796314267,9180.0,9187.7
1525796318325,9180.0,9187.7
1525796321917,9180.0,9187.7
1525796326653,9180.0,9187.7
1525796329200,9180.0,9187.7
1525796333705,9180.0,9187.7
1525796337149,9180.0,9187.7
1525796342415,9180.0,9187.7
1525796345842,9180.0,9187.7
1525796349277,9180.0,9187.7
1525796353000,9180.0,9187.7
1525796353000,9180.0,9187.7
1525796361482,9180.0,9187.7
1525796364719,9180.0,9187.7
1525796368464,9180.0,9187.7
1525796372517,9180.0,9187.7
1525796376244,9180.0,9187.7
1525796380081,9180.0,9187.7
1525796383158,9180.0,9187.7
1525796385091,9180.0,9187.7
1525796393401,9180.0,9187.7
1525796395705,9180.0,9187.7
1525796400966,9180.0,9187.7
1525796404365,9180.0,9187.7
1525796408700,9180.0,9187.7
1525796412139,9179.9,9187.7
1525796416212,9179.9,9187.7
1525796420095,9179.8,9187.7
1525796421241,9179.8,9187.7
1525796427971,9179.8,9187.7
1525796432046,9179.8,9187.7
1525796435756,9179.8,9187.7
1525796438853,9179.8,9187.7
1525796442472,9179.8,9187.7
1525796446825,9179.8,9187.7
1525796450156,9179.8,9187.7
1525796454900,9179.8,9187.7
1525796458034,9179.8,9187.7
1525796461868,9179.8,9187.7
1525796465553,9179.8,9187.7
1525796469840,9179.8,9187.7
1525796473610,9179.8,9187.7
1525796478045,9179.8,9187.7
1525796481168,9179.8,9185.0
1525796485194,9179.8,9184.5
1525796490078,9179.8,9184.5
1525796493564,9179.8,9184.5
1525796496910,9179.8,9184.5
1525796501134,9179.8,9184.5
1525796504383,9179.8,9184.5
1525796507949,9179.8,9184.5
1525796512880,9179.8,9184.5
1525796516688,9179.8,9184.5
1525796519052,9179.9,9184.5
1525796523561,9179.9,9184.5
1525796528567,9179.9,9184.5
1525796532357,9179.9,9184.5
1525796535972,9179.9,9184.5
1525796539332,9179.9,9184.5
1525796542965,9179.9,9184.5
1525796545883,9179.9,9184.5
1525796550604,9179.9,9184.5
1525796555636,9175.0,9183.1
1525796559272,9175.0,9183.1
1525796562429,9175.0,9183.1
1525796564950,9175.0,9183.1
1525796568953,9175.0,9183.1
1525796573654,9175.0,9183.1
1525796578384,9175.0,9183.1
1525796581854,9175.0,9183.1
1525796585222,9175.0,9183.1
1525796589480,9175.0,9183.1
1525796592729,9175.0,9183.1
1525796597830,9175.0,9183.1
1525796601367,9175.0,9183.1
1525796604791,9165.0,9183.1
1525796609166,9165.0,9181.7
1525796611779,9165.0,9178.9
1525796616016,9165.0,9177.5
1525796620013,9165.0,9174.7
1525796624080,9165.0,9173.3
1525796627268,9165.0,9173.3
1525796631532,9165.0,9173.3
1525796634863,9165.0,9173.3
1525796639464,9165.0,9173.3
1525796642807,9165.0,9173.3
1525796645757,9165.0,9173.3
1525796650281,9165.0,9173.3
1525796650281,9165.0,9173.3
1525796658396,9165.0,9173.3
1525796661304,9165.0,9173.3
1525796665447,9165.0,9173.3
1525796668657,9165.0,9173.3
1525796669940,9165.0,9173.3
1525796676409,9165.0,9173.3
1525796679885,9165.0,9173.3
1525796684717,9165.0,9173.3
1525796688118,9165.0,9173.3
1525796690580,9165.0,9173.3
1525796695995,9165.0,9173.3
1525796698315,9165.0,9173.3
1525796702491,9165.0,9173.3
1525796706640,9165.0,9173.3
1525796709321,9165.0,9173.3
1525796713927,9165.0,9173.3
1525796717755,9165.0,9173.3
1525796720337,9165.0,9173.3
1525796725129,9165.0,9173.3
1525796729038,9165.0,9173.3
1525796732964,9165.0,9173.3
1525796736370,9165.0,9173.3
1525796738935,9165.0,9173.3
1525796743865,9165.0,9173.3
1525796747739,9165.0,9173.3
1525796748858,9165.0,9173.3
1525796771112,9165.0,9173.3
1525796775155,9165.0,9173.3
1525796777934,9165.0,9183.5
1525796780607,9165.1,9182.2
1525796780607,9165.1,9182.2
1525796797493,9182.2,9184.9
1525796801376,9182.2,9184.9
1525796805265,9182.2,9184.9
1525796809979,9182.2,9184.9
1525796813339,9182.2,9184.9
1525796816120,9182.2,9184.9
1525796820429,9182.2,9184.9
1525796822999,9182.2,9184.9
1525796827761,9182.2,9185.0
1525796831508,9182.2,9185.0
1525796835047,9182.2,9185.0
1525796839680,9182.2,9185.0
1525796843056,9182.2,9185.0
1525796846835,9182.2,9185.0
1525796849255,9182.2,9185.0
1525796854427,9182.2,9185.0
1525796858309,9182.2,9185.0
1525796858309,9182.2,9185.0
1525796863347,9182.2,9185.0
1525796875985,9182.2,9185.0
1525796875985,9182.2,9185.0
1525796884973,9182.2,9185.0
1525796889055,9182.2,9185.0
1525796889055,9182.2,9185.0
1525796895931,9182.2,9185.0
1525796898475,9182.2,9185.0
1525796902627,9182.2,9185.0
1525796907059,9182.2,9185.0
1525796910628,9182.2,9185.0
1525796913497,9182.2,9185.0
1525796916889,9182.2,9185.0
1525796921428,9182.2,9185.0
1525796925454,9182.2,9185.0
1525796929237,9182.2,9185.0
1525796932538,9182.2,9185.0
1525796937167,9182.2,9185.0
1525796940744,9182.2,9185.0
1525796943200,9182.2,9185.0
1525796947505,9182.2,9185.0
1525796951241,9182.2,9185.0
1525796955177,9182.2,9185.0
1525796958904,9182.2,9185.0
1525796961549,9182.2,9185.0
1525796965568,9182.2,9185.0
1525796969161,9182.2,9185.0
1525796973321,9182.2,9185.0
1525796977784,9182.2,9185.0
1525796980999,9182.2,9185.0
1525796984269,9182.2,9185.0
1525796988336,9182.2,9185.0
1525796992692,9182.2,9185.0
1525796996436,9182.2,9185.0
1525797000125,9182.2,9185.0
1525797001754,9182.2,9185.0
1525797007528,9182.2,9185.0
1525797010995,9182.2,9185.0
1525797015251,9182.2,9185.0
1525797018872,9182.2,9185.0
1525797021750,9182.2,9185.0
1525797025182,9182.2,9185.0
1525797029362,9182.2,9185.0
1525797031540,9182.2,9185.0
1525797036668,9182.2,9185.0
1525797040499,9182.2,9185.0
1525797043412,9182.2,9185.0
1525797044942,9182.2,9185.0
1525797044942,9182.2,9185.0
1525797044942,9182.2,9185.0
1525797050007,9182.2,9185.0
1525797063234,9182.2,9185.0
1525797068203,9182.2,9185.0
1525797071529,9182.2,9185.0
1525797076268,9182.2,9185.0
1525797079855,9182.2,9185.0
1525797082597,9182.2,9185.0
1525797085999,9182.2,9187.2
1525797091024,9182.2,9187.2
1525797094290,9182.2,9187.2
1525797097644,9182.2,9187.2
1525797101897,9182.2,9187.2
1525797106101,9182.2,9187.2
1525797110061,9182.2,9186.9
1525797112607,9182.2,9186.6
1525797117989,9182.2,9186.6
1525797121937,9182.2,9186.6
1525797125556,9182.2,9186.6
1525797129676,9182.2,9186.6
1525797132698,9182.2,9186.6
1525797135796,9182.2,9186.6
1525797139932,9182.2,9186.6
1525797143533,9182.2,9186.6
1525797146797,9182.2,9186.6
1525797151597,9182.2,9186.6
1525797155837,9182.2,9186.6
1525797157845,9182.2,9186.6
1525797162027,9182.2,9186.6
1525797165941,9182.2,9186.6
1525797170777,9182.2,9186.1
1525797172305,9182.2,9186.1
1525797179191,9182.2,9186.1
1525797182249,9182.2,9186.5
1525797186636,9182.2,9186.5
1525797189655,9182.2,9186.3
1525797193364,9182.2,9186.0
1525797197992,9182.2,9186.0
1525797203574,9182.2,9186.0
1525797206333,9182.2,9186.0
1525797209610,9182.2,9186.0
1525797213658,9182.2,9186.0
1525797218468,9182.2,9186.0
1525797221544,9182.2,9186.0
1525797225716,9186.0,9186.4
1525797229497,9186.0,9186.4
1525797232596,9186.0,9186.4
1525797235464,9186.0,9186.4
1525797239976,9186.0,9186.4
1525797241303,9186.0,9186.4
1525797247659,9186.0,9186.4
1525797251653,9186.0,9186.4
1525797254131,9186.0,9186.6
1525797259434,9186.0,9186.6
1525797263039,9186.0,9186.6
1525797266616,9186.0,9186.6
1525797270068,9186.0,9186.6
1525797273631,9186.0,9186.6
1525797277729,9186.0,9186.6
1525797281165,9186.0,9186.6
1525797285725,9186.0,9186.6
1525797289445,9182.2,9186.5
1525797293370,9182.2,9186.5
1525797298056,9182.2,9186.5
1525797300717,9182.2,9186.5
1525797305256,9182.2,9186.5
1525797309031,9182.2,9186.5
1525797312250,9182.2,9186.5
1525797316404,9182.2,9186.5
1525797318057,9182.2,9186.5
1525797320860,9182.2,9186.5
1525797328143,9182.2,9186.5
1525797331526,9182.2,9186.5
1525797335235,9182.2,9186.5
1525797338702,9182.2,9186.5
1525797341549,9182.2,9186.5
1525797345860,9182.2,9186.5
1525797349408,9182.2,9186.5
1525797353881,9182.2,9186.5
1525797357597,9182.2,9186.5
1525797361321,9182.2,9186.5
1525797365354,9182.2,9186.5
1525797369128,9182.2,9186.5
1525797371287,9182.2,9186.5
1525797375681,9182.2,9186.5
1525797381091,9182.2,9186.5
1525797384598,9182.2,9186.5
1525797388264,9182.2,9186.5
1525797390936,9182.2,9186.5
1525797394838,9182.2,9186.5
1525797398845,9182.2,9186.5
1525797402851,9182.2,9186.5
1525797406435,9182.2,9186.5
1525797410901,9182.2,9186.5
1525797414256,9182.2,9186.5
1525797417869,9182.2,9186.5
1525797421441,9182.2,9186.5
1525797425351,9182.2,9186.5
1525797428313,9182.2,9186.5
1525797433116,9182.2,9186.5
1525797436888,9182.2,9186.5
1525797439792,9182.2,9186.5
1525797443994,9182.2,9186.5
1525797447541,9182.2,9186.5
1525797451252,9182.2,9186.5
1525797455751,9182.2,9186.5
1525797458212,9182.2,9186.5
1525797463225,9182.2,9186.5
1525797465787,9182.2,9186.5
1525797470278,9182.2,9186.5
1525797473724,9182.2,9186.5
1525797478154,9182.2,9186.5
1525797481158,9182.2,9186.5
1525797485299,9182.2,9186.5
1525797489895,9182.2,9186.5
1525797493986,9182.2,9186.5
1525797496380,9182.2,9186.5
1525797501041,9182.2,9186.5
1525797504741,9182.2,9186.5
1525797508535,9182.2,9186.5
1525797513332,9182.2,9186.5
1525797516788,9182.2,9186.5
1525797520377,9182.2,9186.5
1525797524978,9182.2,9186.5
