time,bid,ask
1525783064648,9118.53878333,9127
1525783071178,9118.53878332,9127
1525783074993,9118.53878332,9120
1525783079926,9118.53878332,9120
1525783084096,9120,9127
1525783087694,9120,9127
1525783091343,9120,9127
1525783095517,9120,9127
1525783098300,9120,9127
1525783102322,9120,9127
1525783106160,9120,9127
1525783109250,9120,9127
1525783109250,9120,9127
1525783119055,9120,9135.5
1525783123102,9120.00000001,9135.5
1525783125973,9120.00000001,9135.5
1525783130446,9120.00000001,9135.5
1525783134687,9120.00000001,9135.5
1525783137933,9120.00000001,9135.5
1525783141642,9120.00000001,9135.5
1525783145273,9120.00000001,9135.5
1525783148407,9120.00000001,9135.5
1525783153530,9120.00000001,9135.5
1525783157070,9120.00000001,9135.5
1525783161570,9120.00000001,9135.5
1525783164144,9120.00000001,9135.4
1525783171443,9120.00000001,9135.4
1525783177341,9120.00000001,9135.4
1525783181423,9135.4,9143.4
1525783184014,9135.4,9143.5
1525783188862,9135.4,9143.4
1525783193907,9135.4,9143.5
1525783196631,9135.4,9143.4
1525783200009,9135.4,9143.5
1525783200009,9135.4,9143.5
1525783209401,9135.6,9143.4
1525783213331,9135.6,9143.4
1525783216927,9135.6,9143.4
1525783220985,9135.6,9143.4
1525783224994,9135.6,9143.4
1525783229229,9135.6,9143.4
1525783232766,9135.6,9150.7
1525783237244,9135.6,9150.7
1525783242035,9135.6,9150.7
1525783245654,9135.6,9150.7
1525783250028,9135.6,9150.7
1525783254476,9135.6,9154.0999
1525783262182,9135.6,9154.0999
1525783267870,9135.61,9156
1525783269458,9135.61,9156
1525783276270,9135.61000002,9156
1525783279846,9135.61000002,9158.5
1525783285146,9135.72,9158.5
1525783288122,9135.61000002,9158.5
1525783288122,9135.61000002,9158.5
1525783295921,9139,9158.5
1525783300385,9139,9158.5
1525783304330,9139,9158.5
1525783307079,9139,9158.5
1525783307079,9139,9158.5
1525783314230,9139,9158.5
1525783318372,9139,9158.5
1525783322631,9139.00000001,9158.5
1525783326592,9139.00000001,9158.4
1525783329783,9139.00000001,9158.4
1525783334953,9140,9158.4999
1525783339702,9158,9158.4999
1525783342618,9158,9158.5
1525783345478,9158,9158.5
1525783351238,9158,9158.5
1525783354425,9158,9158.5
1525783357560,9158,9158.5
1525783362304,9158,9158.5
1525783365190,9158,9158.5
1525783369038,9158,9158.5
1525783372239,9158,9158.5
1525783372239,9158,9158.5
1525783379736,9158,9158.5
1525783382820,9158,9158.5
1525783386383,9158,9158.5
1525783391022,9158,9158.5
1525783393953,9158,9158.5
1525783397665,9158,9158.5
1525783402792,9158,9158.5
1525783406262,9158,9158.5
1525783410626,9158,9158.5
1525783413803,9158,9158.5
1525783417671,9158,9158.5
1525783421599,9158,9158.5
1525783424378,9158,9158.5
1525783428675,9158,9158.5
1525783432089,9158,9158.5
1525783436251,9158,9158.5
1525783437839,9158,9158.5
1525783441837,9158,9158.5
1525783445087,9158,9158.5
1525783449634,9158,9158.5
1525783454152,9158,9158.5
1525783458878,9158,9158.5
1525783466310,9158,9158.5
1525783470105,9158,9158.5
1525783474138,9158,9158.5
1525783478097,9158,9158.5
1525783483297,9158,9158.5
1525783486145,9158,9158.5
1525783489992,9158,9158.5
1525783494166,9158,9158.5
1525783496730,9158,9158.5
1525783501179,9158,9158.5
1525783505287,9158,9158.5
1525783509725,9158,9158.5
1525783513419,9158,9158.5
1525783515506,9158,9158.5
1525783519811,9158,9158.5
1525783523276,9158,9158.5
1525783528005,9158,9158.5
1525783528005,9158,9158.5
1525783534960,9158,9158.5
1525783538838,9158,9158.5
1525783542742,9158,9158.5
1525783545158,9158,9158.5
1525783549461,9158,9158.5
1525783554289,9158,9158.5
1525783556925,9158,9158.5
1525783561346,9158,9158.5
1525783565275,9158,9158.5
1525783569290,9158,9158.5
1525783572095,9158,9158.5
1525783575761,9158,9158.5
1525783580298,9158,9158.5
1525783584056,9158,9158.5
1525783586448,9158,9158.5
1525783590539,9158,9158.5
1525783594378,9158,9158.5
1525783598151,9158,9158.5
1525783602517,9158,9158.5
1525783604994,9158,9158.5
1525783609717,9158,9158.5
1525783613904,9158,9158.5
1525783617265,9158,9158.5
1525783620422,9158,9158.5
1525783625194,9158,9158.5
1525783627838,9158,9158.7
1525783632279,9158,9158.7
1525783636808,9158,9158.7
1525783640680,9158,9158.7
1525783644154,9158,9158.7
1525783647451,9158,9158.7
1525783652511,9158,9158.7
1525783655042,9158,9158.7
1525783659699,9158.5,9158.7
1525783663167,9158.5,9158.7
1525783666104,9158.5,9158.7
1525783670466,9158.5,9158.699999
1525783673962,9158.5,9158.7
1525783677743,9158.5,9158.7
1525783681290,9158.5,9158.7
1525783681290,9158.5,9158.7
1525783691410,9158.5,9158.7
1525783694314,9158.5,9158.7
1525783698676,9158.5,9158.7
1525783701534,9158.5,9158.7
1525783706173,9158.5,9158.7
1525783709333,9158.5,9158.7
1525783712575,9158.5,9158.7
1525783716171,9158.5,9158.7
1525783720255,9158.5,9160
1525783723954,9158.5,9160
1525783728762,9158.5,9160
1525783731429,9158.5,9160
1525783735430,9158.5,9160
1525783738231,9158.5,9162.8
1525783743961,9158.5,9162.8
1525783746708,9158.5,9162.8
1525783750830,9158.5,9162.8
1525783754185,9158.5,9162.8
1525783758541,9158.5,9162.8
1525783761616,9162.8,9167.2
1525783765491,9162.8,9167.2
1525783769048,9162.8,9167.2
1525783773485,9162.8,9167.2
1525783777351,9167.2,9169.4
1525783781534,9167.2,9169.4
1525783785502,9167.2,9169.4
1525783789396,9167.2,9169.4
1525783793243,9167.2,9169.4
1525783796722,9167.2,9169.4
1525783800849,9167.2,9169.4
1525783803102,9167.2,9169.4
1525783806611,9167.2,9174.87766298
1525783810594,9168,9174.7
1525783815158,9168,9174.7
1525783817890,9168,9174.7
1525783821121,9168,9174.7
1525783826218,9174.7,9174.87766298
1525783828917,9174.7,9174.87766298
1525783833683,9168.5,9174
1525783836805,9168.5,9174
1525783840241,9168.5,9174
1525783844419,9168.5,9174
1525783847888,9174,9174.87766298
1525783851464,9174,9174.87766298
1525783855718,9174,9174.87766298
1525783859778,9174,9187.4
1525783861064,9174,9187.4
1525783866360,9174,9187.4
1525783870650,9175,9188.59990655
1525783873389,9175,9188.59990655
1525783878045,9175,9188.59990655
1525783882728,9195,9195.2474
1525783886956,9195,9195.2474
1525783890009,9195,9195.2473
1525783893814,9195,9195.2473
1525783896603,9195,9195.2473
1525783899370,9195,9195.2473
1525783903281,9195,9195.2475
1525783908482,9195,9195.2475
1525783912541,9195,9195.2475
1525783916242,9195,9195.2475
1525783919944,9195,9195.2475
1525783921444,9195,9195.2475
1525783927149,9195,9195.20152376
1525783930946,9195,9195.20152376
1525783935203,9195,9195.20152376
1525783938571,9195,9195.20152376
1525783942737,9195,9195.20152361
1525783946847,9195,9195.20152344
1525783948234,9195.2,9195.20152344
1525783954611,9195.2,9195.20152331
1525783957206,9195.2,9195.20152324
1525783961405,9195.2,9195.20152324
1525783965662,9175,9195.14
1525783968290,9175,9195.19
1525783972318,9175,9195.14402405
1525783976446,9175,9195.14402385
1525783979336,9175,9195.14402365
1525783982364,9167.3,9195.14402352
1525783986498,9167.3,9195.14402352
1525783990755,9167.3,9195.14402352
1525783995565,9167.3,9195.24
1525783998937,9167.3,9195
1525784003401,9167.3,9195
1525784006192,9167.3,9195
1525784010160,9167.3,9195
1525784012962,9167.3,9195
1525784017959,9167.3,9195
1525784021467,9167.3,9195
1525784025864,9167.3,9195
1525784030198,9167.3,9195
1525784032958,9167.3,9195
1525784037557,9167.3,9195
1525784040469,9162.8,9195
1525784041696,9162.8,9195
1525784048251,9162.8,9195
1525784052250,9162.8,9194.89
1525784056040,9162.8,9194.79
1525784058851,9162.8,9167.3
1525784062609,9162.8,9167.3
1525784066784,9162.8,9167.3
1525784070406,9162.8,9167.3
1525784074517,9162.8,9167.3
1525784078293,9162.8,9194.46
1525784081539,9162.8,9194.3797
1525784085267,9162.8,9194.3797
1525784089471,9162.8,9194.2796
1525784093406,9162.8,9194.27
1525784098810,9162.8,9194.159999
1525784100379,9162.8,9194.1795
1525784105315,9162.8,9194.4698
1525784109109,9162.8,9194.36
1525784113296,9162.8,9194
1525784117472,9162.8,9194
1525784120843,9162.8,9193.9999
1525784124456,9162.8,9193.9999
1525784128114,9162.8,9193.9999
1525784131448,9162.8,9193.9999
1525784134750,9162.8,9194
1525784138429,9162.8,9194
1525784142157,9162.8,9194
1525784142157,9162.8,9194
1525784149841,9162.8,9194
1525784153961,9162.8,9194
1525784156362,9162.8,9194
1525784160586,9162.8,9194
1525784165007,9162.8,9194
1525784168193,9162.8,9194
1525784173153,9162.8,9194
1525784174511,9162.8,9194
1525784180395,9162.8,9194
1525784181902,9162.8,9194
1525784187848,9162.8,9194
1525784192493,9162.8,9194
1525784196549,9162.8,9194
1525784199662,9162.8,9194
1525784204032,9162.8,9194
1525784207407,9162.8,9194
1525784210834,9162.8,9194
1525784214442,9162.8,9194
1525784218934,9162.8,9194
1525784222490,9162.8,9194
1525784225500,9162.8,9194
1525784229243,9162.8,9194
1525784232002,9162.8,9194
1525784236830,9162.8,9194
1525784239722,9162.8,9194
1525784243702,9162.81,9194
1525784246446,9162.81,9194
1525784250435,9162.81,9194
1525784254963,9162.81,9194
1525784257862,9162.81000001,9194
1525784261645,9162.81000001,9194
1525784265955,9162.81000001,9194
1525784270057,9162.81000001,9194
1525784273477,9162.81000001,9194
1525784276684,9162.81000001,9194
1525784281877,9162.81000001,9195.2475
1525784285114,9162.81000001,9195.2475
1525784289146,9162.81000001,9195.2475
1525784293034,9162.80000001,9195.2475
1525784295734,9162.80000001,9195.2475
1525784300343,9162.80000001,9195.2475
1525784304195,9162.8,9195.2475
1525784308398,9162.8,9195.2475
1525784312425,9162.8,9195.2475
1525784316026,9196,9197
1525784319044,9196,9197
1525784323065,9196,9197
1525784326937,9196,9197
1525784331354,9196,9197
1525784335115,9196,9197
1525784337702,9196,9196.9
1525784342663,9196,9196.9
1525784345670,9196,9197
1525784348821,9196,9197
1525784352906,9196,9197
1525784356681,9196,9197
1525784359519,9196,9197
1525784365498,9196,9197
1525784367973,9165,9196
1525784372338,9162.8,9195.95401988
1525784375869,9162.8,9195.95401983
1525784378943,9162.8,9195.95401963
1525784383748,9170,9195.95401934
1525784386650,9170,9195.95401934
1525784391028,9170,9195.95401927
1525784395149,9170,9195.85401916
1525784398985,9170,9195.95401899
1525784400430,9170,9194
1525784405415,9170,9194
1525784409409,9170,9194
1525784413700,9170,9194
1525784417234,9170,9194
1525784421530,9170,9193.95403
1525784425690,9170,9193.95402979
1525784428868,9170,9193.95402979
1525784432002,9170,9193.95402979
1525784436274,9170,9193.95402995
1525784440425,9170,9193.95402995
1525784444235,9170,9193.85402981
1525784448439,9170,9193.75402981
1525784450247,9170,9193.70806104
1525784455438,9170,9193.70806083
1525784458542,9170,9193.50806083
1525784463467,9170,9193.40806083
1525784467087,9170,9193.7080605
1525784469819,9170,9193.6080605
1525784474253,9170,9193.6080605
1525784477375,9170,9193.6080605
1525784481236,9170,9193.56209233
1525784485123,9153.38566269,9193.46209133
1525784488243,9153.38532583,9193.56209195
1525784492321,9153.38532583,9193.36209033
1525784496810,9152.39513404,9193.21612452
1525784500017,9152.39513404,9193.21612352
1525784504001,9152.39513404,9193.11612252
1525784507722,9152.3952,9193.11612152
1525784510350,9152.3958583,9193.11611952
1525784514790,9152.39585831,9193.11611752
1525784518238,9152.39585831,9193.2161239
1525784521677,9152.39585831,9193.07015782
1525784525318,9152.39585831,9193.07015682
1525784529323,9153,9192.92419047
1525784533795,9153.00067445,9192.92418847
1525784538049,9153.00067446,9192.87822185
1525784541354,9153.00067446,9192.87822085
1525784544317,9153.01,9192.87822354
1525784548769,9153.11,9192.87822334
1525784552169,9153.11000001,9192.87821585
1525784556190,9153.13,9192.87821385
1525784559775,9153.220001,9192.87821285
1525784563682,9153.23030822,9192.87821085
1525784575878,9153.430001,9192.87820485
1525784579293,9153.44066731,9192.87820385
1525784584799,9153.540001,9193
1525784599326,9154.11014651,9190
1525784602149,9154.12,9190
1525784606838,9154.21014701,9190
1525784610350,9154.22000001,9189.9
1525784613680,9154.22000001,9190
1525784618784,9154.32,9190
1525784621606,9154.320001,9190
1525784625423,9154.43,9190
1525784628631,9154.430001,9190
1525784633130,9154.53,9193
1525784637234,9154.54,9193
1525784640118,9154.630001,9189.9
1525784640118,9154.630001,9189.9
1525784648406,9154.730002,9189.9
1525784653062,9154.74,9189.9
1525784656401,9160,9189.9
1525784660200,9160.00000001,9189.9
1525784664404,9160.00000001,9189.9
1525784667494,9160.00000001,9189.9
1525784671311,9160.00000001,9189.9
1525784674077,9160.00000001,9189.9
1525784678618,9160.00000001,9189.9
1525784681559,9160.00000001,9189.9
1525784686212,9160.00000001,9189.9
1525784689583,9160.00000001,9189.9
1525784694256,9160.1,9189.9
1525784697746,9160.1,9189.9
1525784700952,9160.1,9189.9
1525784705547,9160.00000001,9189.9
1525784710233,9160.1,9189.9
1525784713992,9160.11,9189.9
1525784717414,9160.11000001,9189.9
1525784722666,9160.110001,9189.9
1525784726372,9160.12,9189.9
1525784729487,9160.120001,9189.9
1525784733708,9189.9,9193
1525784736304,9189.9,9193
1525784740725,9189.9,9193
1525784744189,9189.9,9193
1525784747607,9189.9,9193
1525784752848,9189.9,9193
1525784756635,9189.9,9193
1525784758133,9189.9,9193
1525784763938,9189.9,9193
1525784767551,9189.9,9193
1525784771288,9189.9,9193
1525784775111,9189.9,9193
1525784779221,9189.9,9193
1525784782923,9189.9,9193
1525784786614,9189.9,9193
1525784790373,9189.9,9193
1525784793971,9189.9,9193
1525784797677,9189.9,9193
1525784801627,9189.9,9193
1525784805109,9189.9,9193
1525784806583,9189.9,9193
1525784813049,9189.9,9193
1525784816667,9189.9,9193
1525784821111,9189.9,9193
1525784823470,9189.9,9193
1525784825338,9189.9,9193
1525784825338,9189.9,9193
1525784825338,9189.9,9193
1525784825338,9189.9,9193
1525784872400,9189.90000001,9194
1525784875538,9189.90000001,9194
1525784880132,9189.90000001,9194
1525784883266,9201,9203.57
1525784885900,9201,9203.57
1525784892223,9201,9203.57
1525784895862,9202,9203.57
1525784899647,9202,9203.57
1525784903652,9202,9203.57
1525784907110,9202,9203.57
1525784910354,9202,9203.57
1525784915195,9202,9203.57
1525784917570,9202,9203.57
1525784921705,9202,9203.57
1525784928565,9202,9205
1525784932052,9202,9205.77
1525784935625,9202,9205.77
1525784939664,9202,9205.77
1525784943782,9202,9205.77
1525784947473,9202,9205.77
1525784951482,9202,9205.77
1525784954753,9202,9205.77
1525784957357,9202,9205.77
1525784963358,9202,9205.77
1525784965977,9190,9205.77
1525784970514,9190,9205.77
1525784974468,9190,9205.77
1525784977722,9190,9205.77
1525784980746,9205,9205.77
1525784985683,9205,9205.77
1525784989309,9205,9205.77
1525784993481,9205,9205.77
1525784997609,9205,9205.77
1525785002024,9205,9205.77
1525785005274,9205,9205.77
1525785008611,9205,9205.77
1525785013975,9205,9205.77
1525785016854,9205,9205.77
1525785020434,9205,9205.77
1525785024127,9205,9205.77
1525785026601,9205,9205.77
1525785032803,9205,9205.77
1525785035715,9205,9205.77
1525785040093,9205,9205.77
1525785044265,9205,9205.77
1525785045829,9205,9205.77
1525785053803,9205,9205.77
1525785056049,9205,9205.77
1525785061343,9205,9205.77
1525785063680,9205,9205.77
1525785068147,9205,9205.77
1525785073281,9205,9205.77
1525785074663,9205,9205.77
1525785079906,9205,9205.77
1525785084704,9205,9205.77
1525785088611,9205,9205.77
1525785092456,9205,9205.77
1525785095512,9205,9205.77
1525785098794,9205,9205.77
1525785103662,9205,9205.77
1525785107331,9205,9205.77
1525785110904,9205,9205.77
1525785114755,9205,9205.77
1525785118210,9205,9205.77
1525785120712,9205,9205.77
1525785125447,9205,9205.77
1525785129503,9205,9205.77
1525785132144,9205,9205.77
1525785135846,9205,9205.77
1525785139855,9205,9205.77
1525785143984,9205,9205.77
1525785147511,9205,9205.77
1525785149952,9205,9205.77
1525785155443,9205,9205.77
1525785159250,9205,9205.77
1525785162035,9205,9205.77
1525785165531,9205,9205.77
1525785170850,9205,9205.77
1525785172198,9205,9205.77
1525785176247,9205,9205.77
1525785181401,9205,9205.77
1525785184973,9205,9205.77
1525785189618,9205,9205.77
1525785192851,9205,9205.77
1525785196529,9205,9205.77
1525785199146,9205,9205.77
1525785203924,9205.00000001,9206.3
1525785208125,9205.00000001,9206.3
1525785211646,9205.00000001,9206.3
1525785215451,9205.00000001,9206.3
1525785218091,9205.00000001,9206.3
1525785240853,9207,9211
1525785246374,9207,9211
1525785246374,9207,9211
1525785254714,9207,9211
1525785259031,9207,9211
1525785263013,9207,9211
1525785267402,9207,9207.03767301
1525785271148,9207,9207.03767301
1525785274810,9207,9207.03767301
1525785277599,9207,9207.03767301
1525785281837,9207,9207.03767301
1525785285086,9207,9207.03767301
1525785289107,9207,9210.9
1525785292751,9190,9191.53556951
1525785296419,9207,9211
1525785299516,9207,9211
1525785302632,9207,9211
1525785306989,9207,9211
1525785311386,9207,9210.9
1525785314873,9207,9210.9
1525785319342,9207,9210.9
1525785322666,9207,9210.9
1525785326058,9207,9210.9
1525785328145,9190.00000001,9210.9
1525785333337,9190.00000001,9210.9
1525785336799,9190.00000001,9211
1525785340361,9190.00000001,9211
1525785345050,9190.00000001,9211
1525785348773,9190.00000001,9211
1525785352522,9190.00000001,9211
1525785356290,9190.00000001,9211
1525785358951,9190.00000001,9211
1525785361912,9190.00000001,9211
1525785367609,9190.00000001,9210.9
1525785369916,9190.00000001,9211
1525785373735,9190.00000001,9211
1525785379996,9190.00000001,9210.9
1525785383766,9190.00000001,9211
1525785386463,9190.00000001,9210.9
1525785391104,9190.00000001,9210.9
1525785394564,9190.00000001,9211
1525785397912,9190.00000001,9210.9
1525785401603,9190.00000001,9210.9
1525785405629,9190.00000001,9210.9
1525785408850,9190.00000001,9211
1525785412129,9190.00000001,9210.9
1525785417344,9190.00000001,9211
1525785420323,9190.00000001,9210.9
1525785424577,9190.00000001,9211
1525785427839,9190.00000001,9211
1525785431144,9190.00000001,9211
1525785437086,9190.00000001,9211
1525785441307,9190.00000001,9210.9
1525785447443,9190.00000001,9211
1525785454081,9190.00000001,9210.9
1525785457426,9190.00000001,9210.9
1525785462753,9190.00000001,9210.9
1525785468162,9190.00000001,9210.9
1525785472927,9190.00000001,9210.9
1525785475793,9190.00000001,9210.9
1525785480148,9190.00000001,9210.9
1525785481384,9190.00000001,9210.9
1525785488738,9190.00000001,9210.9
1525785492442,9190.00000001,9210.9
1525785496439,9190.00000001,9210.9
1525785501039,9190.00000001,9210.9
1525785504943,9190.00000001,9210.9
1525785508828,9190.00000001,9210.9
1525785512506,9190.00000001,9210.9
1525785515857,9190.00000001,9210.9
1525785521219,9190.00000001,9210.9
1525785528377,9190.00000001,9210.9
1525785532149,9190.00000001,9210.9
1525785534340,9190.00000001,9210.9
1525785540138,9190.00000001,9210.9
1525785542210,9190.00000001,9210.9
1525785547737,9190.00000001,9210.9
1525785551608,9190.00000001,9210.9
1525785555020,9190.00000001,9210.9
1525785561759,9190.00000001,9210
1525785566192,9190.00000001,9210
1525785569867,9190.00000001,9210
1525785572817,9190.00000001,9210
1525785578157,9190.00000001,9210
1525785581459,9190.00000001,9210
1525785585229,9190.00000001,9210
1525785590752,9190.00000001,9210
1525785594338,9190.00000001,9210
1525785598365,9190.00000001,9210
1525785602262,9190.00000001,9210
1525785605501,9190.00000001,9210
1525785608952,9190.00000001,9210
1525785612516,9190.00000001,9210
1525785616178,9190.00000001,9210
1525785620229,9190.00000001,9210
1525785622602,9190.00000001,9210
1525785628354,9190.00000001,9210
1525785635578,9190.00000001,9210
1525785639983,9190.00000001,9210
1525785643801,9190.00000001,9210
1525785647418,9190.00000001,9210
1525785651197,9190.00000001,9210
1525785655664,9190.00000001,9210
1525785659256,9190.00000001,9210
1525785659256,9190.00000001,9210
1525785667307,9190.00000001,9210.9
1525785671249,9190.00000001,9210.9
1525785674953,9190.00000001,9210.9
1525785678418,9190.00000001,9210.9
1525785681412,9190.00000001,9210.9
1525785685169,9190.00000001,9210.9
1525785689346,9190.00000001,9210.9
1525785690495,9190.00000001,9210.9
1525785697162,9190.00000001,9210.9
1525785699422,9190.00000001,9210.9
1525785703854,9190.00000001,9210.9
1525785707161,9190.00000001,9210.9
1525785711446,9190.00000001,9210.9
1525785714618,9190.00000001,9210.9
1525785718757,9190.00000001,9210.9
1525785722313,9190.00000001,9210.9
1525785723774,9191,9210.9
1525785729804,9191,9210.9
1525785733872,9191,9210.9
1525785740066,9191,9210.9
1525785744710,9191,9210.9
1525785747390,9191,9210.9
1525785751722,9191,9210.9
1525785755311,9191,9209
1525785758715,9191,9209
1525785763110,9191,9209
1525785767182,9191,9209
1525785769762,9191,9209
1525785774030,9191,9209
1525785777214,9191,9209
1525785780486,9191,9209
1525785785034,9191,9209
1525785788288,9191,9191
1525785792879,9191,9204
1525785795269,9191,9204
1525785799893,9191,9204
1525785803805,9191,9204
1525785807204,9191,9204
1525785811383,9191,9204
1525785814185,9191,9204
1525785818390,9204,9209
1525785822326,9204,9209
1525785825737,9204,9209
1525785829611,9204,9209
1525785831865,9204,9210
1525785837434,9191,9204
1525785841218,9191,9204
1525785843499,9191,9210.9
1525785847984,9191,9210.9
1525785851170,9191,9210.9
1525785855476,9191,9210
1525785858548,9191,9210
1525785863356,9191,9200
1525785867825,9191,9200
1525785870557,9191,9200
1525785874715,9191,9200
1525785877132,9191,9200
1525785880721,9191,9200
1525785885366,9191,9200
1525785890041,9191,9200
1525785893506,9191,9200
1525785894732,9191,9200
1525785900663,9191,9200
1525785902303,9191,9200
1525785908143,9191,9200
1525785911422,9191,9200
1525785915571,9191,9200
1525785919805,9191,9200
1525785923329,9193,9200
1525785926193,9191,9200
1525785930084,9191,9200
1525785933770,9191,9200
1525785937314,9191,9200
1525785941748,9191,9200
1525785945213,9191,9200
1525785948954,9191,9200
1525785953048,9191,9200
1525785956165,9191,9200
1525785959141,9191,9200
1525785961966,9191,9200
1525785967467,9191,9200
1525785971435,9191,9200
1525785975447,9191,9200
1525785978890,9191,9200
1525785982043,9190.00000001,9200
1525785986490,9190,9200
1525785989153,9190,9200
1525785994301,9189.9,9203.32455395
1525785996602,9157.61159564,9163.5
1525786001552,9156.61920449,9163.5
1525786004077,9156.61920449,9163.5
1525786010006,9156.61920449,9163.5
1525786012666,9156.61920449,9163.5
1525786017377,9156.61920449,9163.5
1525786021099,9157,9163.5
1525786024587,9157,9171.4
1525786028190,9157,9171.4
1525786033103,9157,9171.4
1525786036989,9156.61920449,9157
1525786039470,9156.61920449,9157
1525786043176,9156.61920449,9157
1525786048558,9156.61920449,9171.4
1525786053346,9156.61920449,9171.4
1525786057325,9150.00000103,9171.4
1525786060950,9150.00000103,9171.4
1525786064541,9150.00000104,9160
1525786068319,9150.00000104,9160
1525786072249,9150.00000104,9160
1525786075185,9150.00000105,9160
1525786077904,9150.00000105,9160
1525786081521,9150.00000105,9160
1525786086462,9150.00000105,9160
1525786090558,9150.00000105,9160
1525786093896,9150.00000105,9160
1525786097462,9150.00000105,9160
1525786100597,9150.00000105,9160
1525786105462,9150.00000106,9160
1525786109445,9150.00000106,9170
1525786112667,9150.00000106,9170
1525786115488,9160,9170
1525786120177,9160.00000001,9170
1525786123823,9160.00000001,9170
1525786127870,9160.00000001,9170
1525786131639,9160.00000001,9170
1525786134656,9160.00000001,9170
1525786138118,9160.00000001,9170
1525786141965,9160.00000001,9170
1525786145334,9160.00000001,9170
1525786149517,9160.00000001,9165
1525786158366,9160.00000001,9165
1525786164288,9160.00000001,9165
1525786171171,9160.00000001,9165
1525786175290,9160,9165
1525786178528,9160,9165
1525786183368,9160,9165
1525786187833,9160,9165
1525786191913,9160.00000001,9165
1525786195794,9160.00000001,9165
1525786199682,9160.00000001,9165
1525786202476,9160.00000001,9165
1525786205854,9160.00000001,9165
1525786210233,9160.00000001,9165
1525786214134,9160.00000001,9165
1525786218174,9160.00000001,9170
1525786222103,9160.00000001,9170
1525786225846,9160.00000001,9170
1525786229319,9160.00000001,9174.9
1525786233318,9160.00000001,9174.9
1525786238110,9160.00000001,9175
1525786242041,9160.00000001,9175
1525786245901,9160.00000001,9175
1525786248181,9160.00000001,9175
1525786253315,9160.00000001,9174.9
1525786253315,9160.00000001,9174.9
1525786260390,9160.00000001,9174.9
1525786263870,9160.00000001,9175
1525786267584,9160.00000001,9175
1525786270298,9160.00000001,9175
1525786274511,9160.00000001,9175
1525786278575,9160.00000001,9175
1525786282925,9170,9175
1525786286247,9170,9175
1525786291294,9170,9175
1525786294809,9170,9175
1525786299166,9170,9175
1525786302276,9170,9175
1525786304655,9160,9175
1525786310207,9160,9175
1525786314264,9160,9175
1525786317707,9160,9175
1525786320675,9160,9175
1525786325318,9160,9174.9
1525786328867,9160,9174.9
1525786332387,9157,9175
1525786337469,9157,9174.9
1525786340577,9157,9174.9
1525786344922,9157,9174.9
1525786348773,9157,9174.9
1525786352164,9157,9174.9
1525786355591,9157,9174.9
1525786358957,9157,9174.9
1525786363684,9157,9174.9
1525786367102,9157,9174.9
1525786370560,9157,9174.9
1525786374940,9157,9174.9
1525786379651,9158,9174.9
1525786383042,9158,9174.9
1525786386943,9158,9174.9
1525786389297,9158,9174.9
1525786394534,9158,9174.9
1525786397816,9158,9175
1525786402614,9158,9174.9
1525786404875,9158,9174.9
1525786409505,9158,9174.9
1525786413572,9158,9174.9
1525786417216,9158,9174.9
1525786420593,9158,9174.9
1525786425514,9158,9174.9
1525786428330,9158,9174.9
1525786432659,9158,9175
1525786436323,9158,9175
1525786440087,9158,9175
1525786442850,9158,9175
1525786446800,9160,9174.9
1525786451415,9160,9174.9
1525786454456,9160,9174.9
1525786458326,9160,9174.9
1525786462714,9160,9174.9
1525786465237,9160,9174.9
1525786469434,9160,9174.9
1525786473942,9160,9174.9
1525786476734,9160,9174.9
1525786482037,9160,9174.9
1525786484746,9160,9175
1525786488676,9160,9175
1525786492946,9160,9174.9
1525786496444,9160,9175
1525786499995,9160,9175
1525786501453,9160,9174.9
1525786506665,9160,9175
1525786511268,9160,9175
1525786514482,9160,9175
1525786518062,9160,9175
1525786522677,9160,9175
1525786526188,9160,9175
1525786529829,9160,9175
1525786532613,9160,9175
1525786536975,9160,9175
1525786541021,9160,9175
1525786542306,9160,9175
1525786547753,9160,9175
1525786552036,9160,9175
1525786556430,9160,9174.9
1525786559062,9160,9174.9
1525786563907,9160,9175
1525786566978,9160,9175
1525786571521,9170,9175
1525786575239,9170,9175
1525786577986,9170,9175
1525786580077,9170,9175
1525786585122,9170,9175
1525786590015,9170,9175
1525786593043,9170,9175
1525786597755,9170,9175
1525786600494,9170,9175
1525786603794,9170,9175
1525786608681,9170,9175
1525786612746,9170,9175
1525786614985,9170,9175
1525786619143,9170,9175
1525786623072,9170,9175
1525786627054,9170,9175
1525786631119,9170,9175
1525786634738,9170,9175
1525786638636,9170,9175
1525786642774,9170,9175
1525786645257,9170,9175
1525786649913,9170,9175
1525786655224,9170,9175
1525786658927,9170,9175
1525786661647,9170,9175
1525786665588,9170,9175
1525786671950,9170,9175
1525786675413,9170,9175
1525786680248,9170,9175
1525786684398,9170.1,9176.9
1525786690050,9170,9176.9
1525786693570,9170,9176.9
1525786702436,9170,9176.9
1525786707347,9170,9176.9
1525786711498,9170,9176.9
1525786715202,9170.04585,9176.9
1525786718994,9170.045851,9176.9
1525786723863,9170.045851,9176.9
1525786727674,9170.045851,9176.9
1525786731106,9170.045851,9176.9
1525786733325,9170.04585101,9176.9
1525786738787,9170.045852,9176.9
1525786741857,9170.045852,9176.9
1525786746116,9170.04585201,9176.9
1525786749894,9171,9176.9
1525786753790,9171.000001,9176.9
1525786757054,9171.000001,9182.2
1525786761203,9171.000001,9182.2
1525786764989,9171.100001,9182.2
1525786768579,9171.10000101,9182.2
1525786768579,9171.10000101,9182.2
1525786775928,9171.10000201,9182.2
1525786780138,9171.100003,9182.2
1525786783433,9171.100003,9186.5
1525786786422,9171.10000301,9186.5
1525786790623,9171.10000301,9186.5
1525786797241,9171.100005,9186.5
1525786801206,9171.10000501,9186.5
1525786805815,9172.84,9186.5
1525786807670,9172.84,9186.5
1525786812246,9172.940001,9188.3
1525786817966,9172.940002,9188.3
1525786823365,9172.940002,9188.3
1525786827269,9172.940002,9188.3
1525786829839,9172.940002,9188.3
1525786833302,9172.940002,9188.3
1525786837486,9172.940002,9188.3
1525786840386,9172.94000201,9188.3
1525786845310,9172.940003,9188.3
1525786849428,9172.940003,9188.3
1525786852646,9172.940003,9188.3
1525786855104,9172.940003,9188.3
1525786859854,9172.94000301,9188.3
1525786862944,9172.94000301,9188.3
1525786866655,9172.940004,9188.3
1525786870423,9172.940004,9188.3
1525786873743,9172.940004,9188.3
1525786877561,9172.940004,9188.3
1525786881773,9172.94000401,9188.3
1525786885842,9172.940005,9188.3
1525786888702,9172.940005,9188.3
1525786893021,9172.940005,9188.3
1525786897328,9172.940005,9188.3
1525786899685,9172.94000501,9188.3
1525786902875,9172.940006,9188.3
1525786907421,9172.940006,9188.3
1525786911239,9172.940006,9188.3
1525786914010,9172.940006,9188.3
1525786917632,9172.94000601,9188.3
1525786922462,9172.940007,9188.3
1525786925419,9172.940007,9188.3
1525786929804,9172.940007,9188.3
1525786935463,9172.940007,9188.3
1525786938663,9172.94000701,9188.3
1525786943868,9172.940008,9188.3
1525786947261,9185,9188.3
1525786951151,9185,9188.3
1525786956205,9185,9188.3
1525786960184,9185,9188.3
1525786964011,9185,9188.3
1525786967582,9185,9188.3
1525786971269,9185,9188.3
1525786974782,9185,9188.29999999
1525786991306,9185,9188.3
1525786995258,9172.94000801,9188.3
1525786998767,9172.94000801,9188.3
1525787004391,9172.940009,9188.3
1525787011051,9172.940009,9188.3
1525787014797,9189,9189.4
1525787018943,9189,9189.4
1525787021749,9189,9189.4
1525787024836,9189,9189.4
1525787029659,9189,9189.4
1525787029659,9189,9189.4
1525787036871,9189,9189.4
1525787040935,9189,9189.4
1525787045197,9189,9189.4
1525787047062,9189,9189.4
1525787051454,9189,9189.4
1525787056450,9189,9189.4
1525787058800,9189,9189.4
1525787063935,9189,9189.4
1525787066599,9189,9189.4
1525787071547,9189,9189.4
1525787074231,9189,9189.4
1525787079123,9189,9189.4
1525787089234,9189,9189.4
1525787093957,9189,9189.4
1525787101078,9189,9189.4
1525787105134,9189,9189.4
1525787110318,9189,9189.4
1525787114910,9189,9189.4
1525787126040,9189,9189.4
1525787127945,9189,9189.4
1525787127945,9189,9189.4
1525787136581,9189,9189.4
1525787139419,9189,9189.4
1525787144631,9189,9189.4
1525787148998,9189,9189.4
1525787152630,9189,9189.4
1525787156008,9189,9189.4
1525787159796,9189,9189.4
1525787163041,9189,9189.4
1525787165492,9189,9189.4
1525787171360,9189,9189.4
1525787173540,9189,9189.4
1525787178068,9189,9189.4
1525787182167,9189,9189.4
1525787185362,9189,9189.4
1525787189593,9189,9189.4
1525787192228,9189,9189.4
1525787197264,9189,9189.4
1525787200934,9189,9189.4
1525787205590,9189,9189.4
1525787206725,9189,9189.4
1525787212765,9189,9189.4
1525787215490,9189,9189.4
1525787220428,9189,9189.4
1525787222702,9189,9189.4
1525787227750,9189,9189.4
1525787232383,9189,9189.4
1525787235926,9189,9189.4
1525787240705,9189,9189.4
1525787244204,9189,9189.4
1525787247987,9189,9189.4
1525787251362,9189,9189.4
1525787254366,9189,9189.4
1525787259003,9189,9189.4
1525787262695,9189,9189.4
1525787267488,9189,9189.4
1525787270919,9189,9189.4
1525787274357,9189,9189.4
1525787277867,9189,9189.4
1525787283598,9189,9189.4
1525787285994,9189,9189.4
1525787290463,9189,9189.4
1525787294333,9189,9189.4
1525787297738,9172.940009,9189.4
1525787302455,9172.940009,9189.4
1525787304838,9172.940009,9189.4
1525787309626,9172.940009,9189.4
1525787313635,9172.940009,9189.4
1525787316076,9172.940009,9189.4
1525787320247,9172.940009,9189.4
1525787324302,9172.940009,9189.4
1525787328158,9172.940009,9189.4
1525787331940,9172.940009,9189.4
1525787335033,9172.940009,9189.4
1525787338748,9172.940009,9189.4
1525787342609,9172.940009,9189.4
1525787347463,9172.940009,9189.4
1525787352670,9172.940009,9189.4
1525787356403,9173.040009,9189.4
1525787360158,9158.100001,9189.4
1525787363637,9158.100001,9189.4
1525787367647,9158.200002,9189.4
1525787371188,9158.300002,9189.4
1525787374670,9158.300003,9189.4
1525787378568,9158.400003,9189.4
1525787381041,9158.400003,9189.4
1525787386123,9158.500004,9189.4
1525787389720,9158.500005,9189.4
1525787393229,9158.50000501,9189.4
1525787396473,9158.50000501,9189.4
1525787400471,9158.600006,9189.4
1525787403012,9158.600006,9189.4
1525787407442,9158.50000501,9189.4
1525787411609,9158.800008,9189.4
1525787415904,9158.80000801,9189.4
1525787418358,9158.900009,9189.4
1525787422647,9159.00001,9189.4
1525787425520,9159.000011,9189.4
1525787430314,9158.90001001,9189.4
1525787435982,9159.200013,9189.4
1525787439655,9159.200013,9189.4
1525787443438,9159.300014,9189.4
1525787446863,9159.400014,9189.4
1525787450186,9159.500015,9189.4
1525787453589,9159.500016,9189.4
1525787457108,9159.600016,9189.4
1525787459656,9159.500016,9189.4
1525787468956,9159.600017,9189.4
1525787472769,9159.800018,9189.4
1525787476286,9159.800019,9189.4
1525787479791,9159.800019,9189.4
1525787483598,9159.800019,9189.4
1525787488307,9160.00002,9189.4
1525787491002,9160.00002,9189.4
1525787494587,9160.000021,9189.4
1525787499030,9160.100021,9189.4
1525787501566,9160.100022,9189.4
1525787505343,9160.200023,9189.4
1525787509854,9160.200023,9189.4
1525787513986,9160.30002301,9189.4
1525787517584,9161,9189.4
1525787522167,9161,9189.4
1525787525207,9161,9189.4
1525787528594,9161,9189.4
1525787533451,9161,9189.4
1525787537054,9161,9189.4
1525787540545,9161,9189.4
1525787544343,9161,9189.4
1525787544343,9161,9189.4
1525787551935,9161,9189.4
1525787554744,9161,9189.4
1525787559341,9161,9189.4
1525787563218,9161.000029,9189.4
1525787567396,9161.000029,9189.4
1525787569659,9161.00003,9189.4
1525787574025,9161.00003,9189.4
1525787577831,9161.00003,9189.4
1525787582288,9161.10003,9189.4
1525787585698,9161.100031,9189.4
1525787590443,9161.200032,9189.4
1525787593774,9161.300031,9189.4
1525787597708,9161.300032,9189.4
1525787602184,9161.400032,9189.4
1525787605170,9161.400032,9189.4
1525787608742,9161.400033,9189.4
1525787612626,9161.400033,9189.4
1525787617174,9161.400033,9189.4
1525787620904,9161.400033,9189.4
1525787624667,9161.400033,9189.4
1525787629815,9161.40003301,9189.4
1525787633319,9161.500033,9189.4
1525787636450,9161.600034,9189.4
1525787639350,9161.600034,9189.4
1525787644680,9161.700035,9189.4
1525787647239,9161.60003501,9189.4
1525787651223,9161.600036,9189.4
1525787655135,9161.700036,9189.4
1525787659600,9161.800036,9189.4
1525787663005,9161.800037,9189.4
1525787667689,9161.800037,9189.4
1525787671050,9161.800037,9189.4
1525787674432,9161.900037,9189.3
1525787677815,9161.900037,9189.3
1525787681863,9161.900038,9189.3
1525787686315,9162.000038,9189.3
1525787690066,9161,9189.3
1525787693679,9162.000039,9189.3
1525787697087,9162.000039,9189.3
1525787700454,9162.100039,9189.3
1525787705283,9162.100039,9189.3
1525787709139,9162.200039,9189.4
1525787712950,9162.20004,9189.4
1525787716690,9162.20004,9189.4
1525787721325,9162.20004,9189.4
1525787724922,9162.30004,9189.4
1525787728834,9162.30004,9189.4
1525787731990,9162.300041,9189.4
1525787736437,9162.300041,9189.4
1525787740583,9162.300041,9189.4
1525787744070,9162.500041,9189.4
1525787748502,9162.500042,9189.4
1525787750139,9162.500042,9189.4
1525787756591,9162.600042,9189.4
1525787760000,9162.600043,9189.4
1525787763877,9162.600043,9189.4
1525787766692,9162.600043,9189.4
1525787770284,9162.700043,9189.4
1525787774939,9162.700044,9189.4
1525787778890,9162.800044,9189.4
1525787782848,9162.800045,9189.4
1525787785310,9162.800045,9189.4
1525787790287,9162.900045,9189.4
1525787793939,9163.000046,9189.4
1525787798732,9163.000046,9189.4
1525787802646,9163.100047,9189.4
1525787805522,9163.100048,9189.4
1525787809715,9163.200048,9189.4
1525787813744,9163.200049,9189.4
1525787817689,9163.200049,9189.4
1525787821425,9163.20004901,9189.4
1525787826509,9163.30005,9189.4
1525787829959,9163.40005,9189.4
1525787834031,9163.400051,9189.4
1525787838188,9163.500051,9189.4
1525787840962,9163.500051,9189.4
1525787845346,9163.500052,9189.4
1525787848801,9163.600052,9189.4
1525787853451,9163.600053,9189.4
1525787857992,9163.700053,9189.4
1525787861023,9163.700053,9189.4
1525787865857,9163.700053,9189.4
1525787870170,9163.70005301,9189.4
1525787874091,9163.800053,9189.4
1525787877998,9163.900054,9189.4
1525787881283,9163.900054,9189.4
1525787887615,9164.000054,9189.4
1525787891837,9164.000055,9189.4
1525787894525,9164.100055,9189.4
1525787899736,9164.200056,9189.4
1525787903033,9164.200056,9189.4
1525787906465,9164.200057,9189.4
1525787911266,9164.200057,9189.4
1525787915394,9164.200057,9189.4
1525787920304,9164.200057,9189.4
1525787927250,9164.200057,9189.4
1525787934331,9164.200057,9189.4
1525787937541,9164.200057,9189.4
1525787943830,9164.200057,9189.4
1525787946863,9164.200057,9189.4
1525787951623,9164.300057,9189.4
1525787955891,9164.300057,9189.4
1525787960173,9164.300057,9189
1525787964439,9164.300057,9189
1525787966410,9164.300057,9189
1525787971409,9164.300057,9189
1525787974423,9164.300057,9189
1525787979365,9164.300057,9189
1525787982434,9164.300057,9189
1525787986549,9164.300057,9189
1525787990378,9164.300057,9189
1525787995688,9164.300057,9189
1525787999413,9164.300057,9189
1525788003350,9164.300057,9189
1525788006722,9164.300057,9189
1525788011173,9164.300057,9189
1525788013979,9164.300057,9189
1525788018062,9164.300058,9189
1525788022347,9164.400058,9189
1525788025114,9164.500059,9189
1525788030054,9164.50006,9189
1525788032995,9164.50006,9189
1525788037311,9164.50006,9189
1525788041378,9164.50006,9189
1525788045603,9164.50006,9189
1525788048422,9164.50006,9189
1525788054368,9164.50006,9189
1525788057085,9164.50006,9189
1525788060544,9164.50006,9189
1525788064546,9164.50006,9189
1525788067938,9164.50006,9189
1525788073351,9164.50006,9189
1525788075998,9164.50006,9189
1525788080236,9164.50006,9189
1525788083699,9170,9189
1525788086444,9170.1,9189
1525788091828,9170.1,9189
1525788095726,9170.1,9189
1525788098022,9170.1,9189
1525788102253,9170.1,9189
1525788106740,9170.1,9189
1525788109837,9170.1,9189
1525788113260,9170.1,9189
1525788117588,9170.1,9189
1525788121673,9170.1,9189
1525788123473,9170.1,9189
1525788128220,9170.1,9189
1525788132776,9164.600061,9189
1525788136130,9164.700061,9189
1525788139738,9164.700062,9189
1525788144748,9180,9189
1525788148313,9180.1,9189
1525788149717,9180.1,9189
1525788154855,9180.1,9189
1525788158475,9180.1,9189
1525788162982,9180.1,9189
1525788166507,9180.1,9189
1525788169253,9180.1,9189.4
1525788174257,9180.1,9189.4
1525788178991,9180.1,9189.4
1525788181654,9180.1,9189.4
1525788186404,9180.1,9189.4
1525788189499,9180.1,9189.4
1525788192950,9180.1,9189.4
1525788197306,9180.1,9189.4
1525788201090,9164.900063,9189.4
1525788205018,9164.91,9189.4
1525788208067,9164.91,9189.4
1525788212641,9170,9189.4
1525788215686,9170.000001,9189.4
1525788220888,9170.1,9189.4
1525788225196,9170.100001,9189.4
1525788228095,9170.100001,9189.4
1525788231530,9170.100001,9189.4
1525788237053,9170.100001,9189.4
1525788243252,9170.100001,9189.4
1525788247790,9170.100001,9189.4
1525788248995,9170.100001,9189.4
1525788254840,9170.100001,9189.4
1525788259334,9170.100001,9189.4
1525788263351,9170.100001,9189.4
1525788267135,9170.100001,9189.4
1525788268329,9170.100001,9189.4
1525788275629,9170.100001,9189.4
1525788277838,9170.100001,9189.4
1525788282893,9170.10000101,9189.4
1525788287883,9170.100002,9189.4
1525788291656,9170.100002,9189.4
1525788295497,9170.100002,9189.4
1525788300091,9170.10000201,9189.4
1525788301960,9170.10000201,9189.4
1525788308102,9170.10000201,9189.4
1525788311043,9170.100003,9189.4
1525788315824,9170.100003,9189.4
1525788318491,9170.10000301,9189.4
1525788323130,9170.100004,9189.4
1525788325841,9170.100004,9189.4
1525788330714,9170.100004,9189.4
1525788334396,9170.200004,9189.4
1525788337970,9170.200005,9189.4
1525788343602,9170.200005,9189.4
1525788346975,9170.200005,9189.4
1525788351501,9170.200005,9189.4
1525788354493,9170.20000501,9189.4
1525788360444,9170.300006,9189.4
1525788364621,9170.300006,9189.4
1525788367709,9170.300006,9189.4
1525788370702,9170.300006,9189.4
1525788375133,9190,9198.9854
1525788378949,9190,9198.98562103
1525788382553,9190.1,9198.98562103
1525788386029,9190.1,9198.98562103
1525788386029,9190.1,9198.98562103
1525788394545,9190.1,9198.98562103
1525788396875,9190.1,9198.98562103
1525788401591,9190.1,9198.98562103
1525788404549,9190.1,9198.98562103
1525788407985,9190.1,9198.98562103
1525788413170,9190.1,9198.98562103
1525788415668,9190.1,9198.98562103
1525788420333,9190.1,9198.98562103
1525788423812,9190.1,9198.98562103
1525788428369,9190.1,9198.98562103
1525788431083,9190.1,9198.98562103
1525788436650,9190.1,9198.98562103
1525788441584,9190.1,9198.98562103
1525788444958,9190.1,9198.98562103
1525788448730,9190.1,9198.98562103
1525788452628,9190.1,9198
1525788457027,9190.1,9198
1525788461650,9190.1,9198
1525788464938,9190.1,9198
1525788468704,9190.1,9198
1525788473361,9190.1,9198
1525788476782,9190.1,9198.98562103
1525788478286,9190.1,9206.68
1525788484314,9190.1,9206.68
1525788488020,9190.1,9206.68
1525788491073,9190.1,9206.68
1525788495440,9190.1,9206.68
1525788499260,9190.1,9206.68
1525788502485,9190.1,9206.68
1525788505331,9190.1,9206.68
1525788509780,9190.1,9206.68
1525788509780,9190.1,9206.68
1525788518151,9190.1,9206.68
1525788521934,9190.1,9206.68
1525788525596,9190.1,9206.68
1525788530044,9190.1,9206.68
1525788535384,9190.1,9206.68
1525788540000,9190.1,9206.68
1525788541380,9190.1,9206.68
1525788549309,9190.1,9206.68
1525788553480,9190.1,9206.68
1525788557960,9190.1,9206.68
1525788564206,9206.68,9206.78
1525788572267,9206.68,9206.78
1525788575217,9206.68,9206.78
1525788582580,9206.68,9206.78
1525788589629,9206.68,9206.78
1525788593395,9206.68,9206.78
1525788597980,9206.68,9206.78
1525788601663,9206.68,9206.78
1525788605677,9206.68,9206.78
1525788609906,9206.68,9206.78
1525788613649,9190,9206.78
1525788618170,9190.1,9206.78
1525788620851,9190.1,9206.78
1525788624587,9190,9206.78
1525788628644,9190,9206.78
1525788632413,9190.1,9206.78
1525788637134,9190,9206.78
1525788640445,9190,9206.78
1525788644161,9190,9206.78
1525788648543,9190,9206.78
1525788652373,9190,9206.78
1525788655938,9190.1,9206.78
1525788659753,9190.1,9206.78
1525788662111,9190,9206.78
1525788667456,9190.1,9206.78
1525788669656,9190.1,9206.78
1525788674042,9190.1,9206.78
1525788677538,9190,9206.78
1525788682805,9190,9206.78
1525788686049,9190.1,9206.78
1525788690886,9170.31,9206.68
1525788694296,9170.310001,9206.68
1525788697802,9170.32,9206.6799
1525788702240,9200,9206.5799
1525788705941,9200,9206.78
1525788708049,9200,9206.78
1525788712125,9170.33,9206.78
1525788715018,9170.420002,9206.68
1525788715018,9170.420002,9206.68
1525788715018,9170.420002,9206.68
1525788715018,9170.420002,9206.68
1525788715018,9170.420002,9206.68
1525788715018,9170.420002,9206.68
1525788715018,9170.420002,9206.68
1525788715018,9170.420002,9206.68
1525788715018,9170.420002,9206.68
1525788772222,9170.460001,9206.1793
1525788777926,9170.470001,9206.1793
1525788782891,9170.470001,9206.68
1525788786060,9170.48,9206.68
1525788788704,9170.48,9206.68
1525788793464,9170.480001,9206.68
1525788797178,9170.480001,9206.68
1525788798629,9170.480001,9206.68
1525788805405,9170.49,9206.68
1525788809651,9170.49,9206.68
1525788813242,9170.490001,9206.68
1525788816625,9170.490001,9206.68
1525788821203,9170.490001,9206.68
1525788825492,9170.5,9206.68
1525788828004,9170.50000001,9206.68
1525788832974,9170.51,9206.68
1525788837502,9170.510001,9206.68
1525788840896,9170.52,9206.68
1525788843961,9170.52,9206.68
1525788847607,9170.53,9206.68
1525788851238,9170.530001,9206.68
1525788853778,9170.54,9200
1525788859454,9170.540001,9200
1525788864053,9170.55,9200
1525788867521,9170.55000001,9200
1525788871283,9170.56,9200
1525788874114,9170.560001,9206.78
1525788878743,9170.560001,9206.78
1525788881609,9170.57,9206.68
1525788885564,9170.58,9206.78
1525788889945,9170.67,9206.78
1525788893714,9170.670001,9206.68
1525788898126,9170.670001,9206.78
1525788900768,9170.770001,9206.78
1525788906782,9170.770001,9206.78
1525788909654,9170.770002,9206.78
1525788913062,9170.870002,9206
1525788917876,9170.780001,9205.9
1525788921565,9170.79,9206
1525788924124,9170.79,9206
1525788929862,9170.880001,9206
1525788934217,9170.800001,9206
1525788940946,9170.900001,9206
1525788945722,9171,9206
1525788950344,9171,9206
1525788954020,9171,9206
1525788959313,9171.000002,9206
1525788963616,9171,9206
1525788966768,9171,9205.9
1525788970978,9171,9206
1525788975723,9171,9206
1525788982107,9171.00000201,9206.78
1525788987393,9171.000003,9206.78
1525788994058,9172,9205
1525789001536,9172.00000001,9205
1525789007698,9172.00000001,9205
1525789022693,9172.00000001,9205
1525789027936,9172.00000001,9205
1525789032029,9172.00000001,9205
1525789036382,9172.00000001,9205
1525789041048,9172.00000001,9205
1525789045026,9172.00000001,9205
1525789050938,9172.00000001,9205
1525789079283,9172.00000001,9205
1525789083212,9171.53,9205
1525789087024,9171.53000001,9205
1525789087024,9171.53000001,9205
1525789094586,9171.54000001,9206.68
1525789101286,9171.64,9207.78
1525789105371,9171.65,9207.78
1525789108774,9171.66,9207.78
1525789112594,9171.66000001,9207.78
1525789116484,9171.66000001,9207.78
1525789119752,9171.75000101,9207.78
1525789122983,9171.76,9207.78
1525789126849,9171.77,9207.78
1525789130563,9171.87,9207.78
1525789134351,9171.97,9207.78
1525789137611,9171.98,9207.78
1525789142173,9171.980001,9207.78
1525789147636,9172.08000101,9207.78
1525789150458,9172.180002,9207.78
1525789153778,9172.19,9207.78
1525789158422,9172.19000002,9207.78
1525789162828,9172.20000001,9207.78
1525789166658,9172.20000001,9207.78
1525789170085,9172.21,9207.78
1525789173818,9172.210001,9207.78
1525789176242,9172.22,9207.78
1525789181325,9173,9207.78
1525789183212,9173.01,9207.78
1525789190416,9173.02,9207.78
1525789193770,9173.020001,9207.78
1525789196171,9173.03000001,9207.78
1525789201386,9173.04,9207.78
1525789206670,9173.04,9207.78
1525789207809,9173.040001,9207.78
1525789213138,9173.040001,9207.78
1525789217614,9173.140001,9207.78
1525789220979,9173.240001,9207.78
1525789224594,9173.25,9207.78
1525789229814,9173.340002,9207.78
1525789233581,9173.26,9207.78
1525789237445,9173.36,9207.78
1525789241279,9173.46,9207.78
1525789245406,9173.460001,9207.78
1525789248995,9173.56,9207.78
1525789252898,9174,9207.78
1525789257878,9174,9207.78
1525789260958,9174,9207.78
1525789265197,9174,9207.78
1525789267661,9174.00000001,9207.78
1525789273147,9174.00000001,9207.78
1525789278094,9174.00000001,9207.68
1525789281546,9174.01,9207.78
1525789286409,9174.11,9207.78
1525789289226,9174.11,9207.78
1525789296103,9174.12,9207.78
1525789300209,9174.22,9207.78
1525789303918,9175,9207.78
1525789307589,9175.01,9207.68
1525789308967,9175.01000001,9207.78
1525789314203,9175.12000001,9207.78
1525789319245,9175.22,9207.78
1525789325155,9175.22000001,9207.78
1525789331550,9175.42,9207.78
1525789335781,9175.42000001,9207.78
1525789339911,9175.43,9207.78
1525789343756,9175.53,9207.78
1525789348931,9175.55,9207.78
1525789352688,9176,9207.78
1525789356448,9176.01,9207.68
1525789361732,9176.10000101,9207.78
1525789365382,9176.110001,9207.78
1525789369509,9176.210001,9207.78
1525789375918,9176.33,9207.78
1525789379226,9176.42,9207.78
1525789385366,9176.420001,9207.78
1525789389801,9176.43,9207.68
1525789395255,9180.01,9207.78
1525789402358,9180.02,9207.78
1525789408209,9180.13,9207.78
1525789412962,9180.130001,9207.78
1525789416770,9180.14,9207.78
1525789419727,9180.24,9207.78
1525789425065,9180.340001,9207.78
1525789430122,9180.340002,9207.78
1525789435858,9180.440003,9207.78
1525789441385,9180.55,9207.78
1525789445250,9180.55,9207.68
1525789449434,9180.650001,9207.78
1525789453574,9180.57,9207.78
1525789459667,9180.68,9207.78
1525789466947,9180.850003,9207.78
1525789471321,9180.850004,9207.68
1525789476946,9180.95000401,9207.78
1525789482422,9181.050005,9207.68
1525789487158,9181.15181033,9207.78
1525789492121,9182,9207.78
1525789496940,9182.00000001,9207.78
1525789501016,9182.00000001,9207.78
1525789509702,9182.00000001,9207.78
1525789517811,9183.010001,9207.78
1525789522623,9190,9207.78
1525789526638,9190,9207.78
1525789533352,9190,9207.78
1525789540434,9190,9207.78
1525789543975,9190,9207.78
1525789548203,9190,9207.78
1525789554553,9190,9207.78
1525789558738,9190,9207.78
1525789562673,9190,9207.78
1525789567848,9190,9207.78
1525789573081,9190,9207.78
1525789575867,9190,9207.78
1525789580543,9190,9207.78
1525789585268,9190,9207.78
1525789589101,9190,9207.78
1525789593161,9190,9207.78
1525789598489,9200,9207.78
1525789603042,9200.000001,9207.78
1525789607858,9200.000001,9207.78
1525789613278,9200.000001,9207.78
1525789617277,9200.000001,9207.78
1525789620715,9200.000001,9207.78
1525789623041,9200.000001,9207.78
1525789628037,9200.000001,9207.78
1525789633057,9200.000001,9207.78
1525789635734,9200.000001,9207.78
1525789639956,9200.000001,9207.78
1525789643260,9200.000001,9207.78
1525789648460,9200.000001,9207.7
1525789651615,9200.000001,9207.7
1525789654563,9200.000001,9207.7
1525789659368,9200.000001,9207.7
1525789667471,9200.000001,9207.7
1525789671860,9200.000001,9207.7
1525789678315,9200.000001,9207.7
1525789681534,9200.000001,9207.7
1525789689978,9200.000001,9207.7
1525789692179,9200.00000101,9207.7
1525789698057,9200.000002,9207.7
1525789701410,9200.000002,9207.7
1525789706061,9200.00000201,9207.7
1525789707746,9200.00000201,9207.7
1525789716557,9200.000003,9207.7
1525789719998,9200.00000301,9207.7
1525789723658,9200.000004,9207.7
1525789728140,9200.000004,9207.7
1525789731989,9200.000004,9207.7
1525789738144,9200.000005,9207.7
1525789741626,9200.000005,9207.7
1525789745262,9200.000005,9207.7
1525789749398,9200.000005,9207.7
1525789754394,9200.00000501,9207.7
1525789758710,9200.000006,9207.7
1525789765336,9200.000006,9207.7
1525789776187,9200.000007,9207.7
1525789783855,9200.000007,9207.7
1525789788814,9200.000008,9207.7
1525789794660,9200.000008,9207.7
1525789799549,9200.00000801,9207.7
1525789806590,9200.00000801,9207.7
1525789809830,9200.000009,9207.7
1525789814188,9200.000009,9207.7
1525789819959,9200.00000901,9207.7
1525789824830,9200.00001,9207.7
1525789829021,9200.00001,9207.7
1525789834043,9200.00001,9207.7
1525789840874,9200.000011,9207.7
1525789844489,9200.000011,9207.7
1525789850645,9200.000011,9207.7
1525789855152,9200.00001101,9207.7
1525789862217,9200.000012,9207.7
1525789877751,9200.00001201,9207.7
1525789882219,9200.00001201,9207.7
1525789890809,9200.00001201,9207.69
1525789899197,9185.01000101,9207.64396155
1525789904150,9185.01000101,9207.64396136
1525789909612,9185.01000101,9207.64396119
1525789915374,9185,9207.64396155
1525789922360,9185,9207.69
1525789930391,9185,9207.64396134
1525789936774,9185,9207.64396149
1525789943427,9185,9207.64396128
1525789947008,9185,9207.6439612
1525789950971,9185,9207.6439612
1525789955035,9185,9207.5439612
1525789959507,9183.02000001,9207.39
1525789965055,9183.02000001,9207.23
1525789968603,9171.00000001,9207.23
1525789971623,9171.00000001,9207.2299
1525789975727,9171.00000001,9207.12
1525789980674,9171.00000001,9207.05
1525789983999,9171.00000001,9205
1525789988994,9171.00000001,9205
1525789994577,9171.00000001,9205
1525789998445,9171.00000001,9205
1525790000235,9171.00000001,9205
1525790005198,9159.400003,9159.5
1525790008778,9159.400003,9159.5
1525790012351,9159.400003,9159.5
1525790016166,9159.400003,9159.5
1525790021011,9159.40000301,9159.5
1525790025922,9159.40000301,9163.3
1525790029595,9159.5091595,9163.3
1525790033167,9159.5091595,9163.2
1525790036564,9159.5091595,9163.2
1525790040774,9159.5091595,9163.3
1525790045174,9159.5091595,9163.3
1525790047556,9159.5091595,9163.3
1525790052985,9159.40000401,9167.4
1525790057602,9159.40000401,9167.4
1525790060796,9167.4,9167.4
1525790064536,9159.400004,9167.4
1525790068499,9159.400004,9167.4
1525790072245,9159.400004,9167.4
1525790076897,9159.400004,9167.4
1525790079326,9159.400004,9167.4
1525790085672,9159.400004,9167.4
1525790089004,9159.400004,9167.4
1525790093153,9159.400004,9167.4
1525790095546,9159.400004,9167.4
1525790100049,9159.400004,9167.4
1525790106347,9159.400004,9167.4
1525790109289,9159.400004,9167.4
1525790112278,9159.400004,9167.4
1525790119722,9159.400004,9167.4
1525790125869,9167.4091674,9175.9
1525790129219,9167.4091674,9175.9
1525790133906,9167.4091674,9175.9
1525790138613,9167.4091674,9175.9
1525790142146,9159.4001,9175.9
1525790147805,9159.41,9175.9
1525790151401,9159.41,9175.9
1525790154929,9159.4101,9175.9
1525790158850,9159.42,9175.9
1525790161173,9159.46579716,9175.9
1525790166631,9159.48,9175.9
1525790169435,9159.48,9175.9
1525790173346,9159.48000101,9175.9
1525790182727,9159.4901,9175.9
1525790190550,9159.51000001,9175.9
1525790193824,9159.52,9175.9
1525790202941,9159.55,9179.1
1525790206445,9159.55000001,9179.1
1525790210374,9159.56,9179.1
1525790214797,9159.560001,9179.1
1525790219184,9159.57,9179.1
1525790224458,9159.570001,9179.1
1525790227462,9159.58,9179.1
1525790231029,9159.58000001,9179.1
1525790235097,9159.59,9179.1
1525790239339,9159.6,9179.1
1525790243239,9159.600001,9179.1
1525790247818,9159.61000001,9179.1
1525790256441,9159.63,9179.1
1525790262337,9159.630001,9179.1
1525790267203,9159.640001,9179.1
1525790274060,9159.66000001,9179.1
1525790280830,9159.67,9179.1
1525790287614,9159.68,9179.1
1525790299238,9159.7,9179.1
1525790303402,9159.700001,9179.1
1525790307390,9159.71000001,9179.1
1525790310934,9159.71000001,9179.1
1525790314759,9159.72000001,9179.1
1525790318767,9159.73,9179.1
1525790322538,9159.730001,9179.1
1525790327678,9159.74,9179.1
1525790331221,9159.75000001,9179.1
1525790335530,9159.75000001,9179.1
1525790339444,9159.76,9179.1
1525790342762,9159.76000001,9179.1
1525790342762,9159.76000001,9179.1
1525790349543,9159.770001,9179.1
1525790352610,9159.78,9179.1
1525790357817,9159.79,9179.1
1525790361250,9159.790001,9179.1
1525790364503,9159.8,9179.1
1525790368064,9159.80000001,9179.1
1525790373109,9159.800101,9197.36
1525790376113,9159.800101,9197.36
1525790379651,9159.8002,9197.36
1525790384404,9159.81000001,9197.36
1525790388160,9160.000001,9197.46
1525790392384,9160.0101,9197.45
1525790395718,9160.010101,9197.45
1525790399524,9160.010101,9197.45
1525790404110,9160.010201,9197.45
1525790406832,9160.0102,9197.45
1525790410361,9160.010201,9197.45
1525790414570,9160.0103,9197.45
1525790417895,9160.0103,9197.45
1525790422436,9160.0103,9197.45
1525790423415,9160.0103,9197.45
1525790428828,9160.0103,9197.45
1525790432515,9160.0103,9197.45
1525790436372,9160.0103,9197.45
1525790442132,9160.110202,9197.449999
1525790446020,9160.210202,9197.449999
1525790450735,9160.210202,9197.449999
1525790453729,9160.210203,9197.449999
1525790456627,9160.310203,9197.449999
1525790460163,9160,9197.449999
1525790465247,9160.310205,9197.349999
1525790468511,9161.210202,9197.34
1525790472274,9161.210203,9197.23
1525790475625,9161.210203,9197.24
1525790479239,9161.210203,9197.34
1525790483555,9161.210203,9197.34
1525790487935,9161.210203,9197.44
1525790491356,9161.310202,9197.44
1525790495400,9161.310203,9197.34
1525790499351,9161.310203,9197.24
1525790502582,9161.310203,9197.34
1525790505719,9161.310203,9197.34
1525790509667,9161.310203,9197.34
1525790514295,9161.310203,9197.34
1525790518546,9161.310203,9197.34
1525790521549,9161.310203,9197.34
1525790526778,9161.310203,9197.34
1525790529053,9161.310203,9197.44
1525790534432,9161.310203,9197.44
1525790538137,9161.310203,9197.44
1525790542210,9161.310203,9197.44
1525790546222,9161.310203,9197.34
1525790550067,9161.310203,9197.34
1525790554989,9161.310203,9197.34
1525790559605,9161.32,9197.34
1525790562237,9161.31020301,9197.34
1525790565861,9161.320001,9197.35
1525790569875,9161.41020302,9197.45
1525790572995,9161.42,9197.45
1525790578074,9161.53000001,9197.45
1525790580127,9161.54,9197.45
1525790585282,9161.64000001,9197.45
1525790590422,9161.74000001,9197.45
1525790593648,9161.75000001,9197.45
1525790597746,9161.76,9197.45
1525790601889,9161.85,9197.45
1525790604425,9161.940002,9197.45
1525790609171,9161.95000101,9197.45
1525790612483,9161.950002,9197.45
1525790616788,9162.050002,9197.45
1525790621492,9162.06,9197.45
1525790625050,9162.150001,9197.45
1525790629774,9162.17,9197.45
1525790629774,9162.17,9197.45
1525790636623,9162.27,9197.45
1525790640021,9162.28,9197.45
1525790645330,9162.29,9197.45
1525790647935,9162.38,9197.45
1525790649799,9162.38000001,9197.45
1525790656537,9162.49,9197.45
1525790660200,9162.490001,9197.45
1525790663785,9162.50000001,9197.45
1525790663785,9162.50000001,9197.45
1525790670178,9162.51,9197.45
1525790672486,9162.52,9197.45
1525790677168,9162.61,9197.45
1525790681830,9162.610001,9197.45
1525790685566,9162.62,9197.45
1525790690150,9162.63,9197.45
1525790693649,9162.72,9197.45
1525790697616,9162.73,9197.45
1525790701725,9162.74,9197.45
1525790703137,9162.74,9197.45
1525790705417,9162.74,9197.45
1525790712684,9162.75,9197.45
1525790717092,9162.84000001,9197.45
1525790719696,9162.85,9197.45
1525790724278,9162.86,9197.45
1525790727962,9162.860001,9197.45
1525790731626,9170,9197.44
1525790733988,9170,9197.44
1525790740991,9170,9197.44
1525790745257,9170,9197.44
1525790749398,9170,9197.34
1525790751913,9170,9197.44
1525790755965,9170,9197.34
1525790759814,9170,9197.34
1525790763595,9162.870001,9197.24
1525790766529,9162.870001,9197.44
1525790771747,9162.870001,9197.34
1525790776371,9162.870001,9197.44
1525790779615,9162.870001,9197.34
1525790783754,9162.870001,9197.44
1525790787890,9162.870001,9197.44
1525790791289,9162.870001,9197.44
1525790795629,9162.870001,9197.44
1525790799018,9162.870001,9197.44
1525790803200,9162.870001,9197.44
1525790806870,9162.870001,9197.44
1525790811093,9162.870001,9197.44
1525790820414,9162.870001,9197.44
1525790829855,9162.870001,9197.44
1525790840690,9162.870001,9197.38
1525790846385,9166.870001,9197.2340131
1525790853921,9166.870001,9197.2740134
1525790858166,9166.870001,9197.2740132
1525790862626,9166.870001,9197.27401305
1525790866900,9166.870001,9197.27401305
1525790870371,9166.870001,9197.3140132
1525790874545,9166.870001,9197.31401314
1525790878161,9166.870001,9195
1525790881857,9166.870001,9195
1525790886584,9161.210202,9168.1
1525790889618,9150.2,9150.8
1525790893370,9150.1,9150.8
1525790898368,9150.1,9150.8
1525790905802,9150.1,9150.8
1525790909622,9150.1,9153.3
1525790915771,9150.1,9153.3
1525790920301,9150.1,9153.3
1525790924474,9150.1,9153.3
1525790927842,9150.1,9153.3
1525790931965,9150.1,9153.3
1525790935421,9150.1,9153.3
1525790940061,9150.84,9153.3
1525790941664,9150.84,9153.3
1525790946859,9150.84,9153.3
1525790950532,9150.84,9153.3
1525790955010,9150.84,9153.3
1525790957552,9150.84,9153.3
1525790962225,9150.840001,9153.3
1525790966273,9150.840001,9153.3
1525790970277,9150.840001,9153.3
1525790974571,9150.840001,9153.3
1525790977813,9150.840001,9153.3
1525790983043,9150.85,9161.1
1525790989127,9150.850001,9161.1
1525790992795,9150.850001,9161.1
1525790998035,9150.850001,9161.1
1525791001428,9150.850001,9161.1
1525791005815,9150.850001,9161.1
1525791011077,9150.850001,9161.1
1525791014435,9150.850001,9161.1
1525791018411,9150.850001,9161.1
1525791023361,9150.850001,9161.1
1525791026347,9150.850001,9161.1
1525791036803,9150.850001,9161.1
1525791040470,9150.850001,9175.99
1525791049998,9150.850001,9178.49
1525791079194,9152.46,9178.59
1525791083419,9152.36,9178.59
1525791087016,9152.36,9178.5
1525791092231,9152.46,9178.59
1525791094381,9152.36,9178.5
1525791098518,9152.460001,9178.5
1525791102559,9152.460001,9178.5
1525791108139,9152.460001,9178.5
1525791112856,9152.460001,9178.5
1525791116174,9152.460001,9178.5
1525791119727,9152.460001,9178.5
1525791125284,9152.460001,9178.5
1525791128292,9152.460001,9178.5
1525791149685,9153,9178.6
1525791153882,9153,9178.6
1525791156781,9153.000001,9178.5
1525791162406,9153.00000101,9178.6
1525791165063,9153.000002,9178.5
1525791169550,9153.00000201,9178.5
1525791173877,9153.000003,9178.5
1525791178214,9153.00000301,9178.5
1525791179594,9153.00000301,9178.5
1525791185705,9153.00000301,9178.5
1525791188926,9153.000004,9178.5
1525791191934,8975.07942346,9178.6
1525791196629,9153.100005,9206.98973472
1525791200433,9153.100005,9206.9436997
1525791203962,9153.200006,9206.84369965
1525791208064,9153.300007,9206.74369965
1525791212202,9153.300007,9206.74359995
1525791214796,9153.400007,9206.74359995
1525791219309,9153.40000701,9206.74359995
1525791224078,9153.40000701,9206.94369888
1525791230723,9153.40000701,9206.7436988
1525791234634,9153.51,9206.83999991
1525791238428,9153.510002,9206.74
1525791241835,9153.610002,9206.73999982
1525791246564,9153.62,9206.73
1525791249749,9153.72,9206.72999996
1525791254377,9153.73,9206.72999996
1525791258175,9153.830001,9206.6739664
1525791261882,9153.830001,9206.67396633
1525791265439,9153.930002,9206.57396626
1525791269110,9153.930003,9206.47396626
1525791272636,9154.030002,9206.47396507
1525791276760,9154.03000301,9206.32793339
1525791281722,9154.130003,9206.22793332
1525791285540,9154.140001,9206.26999996
1525791288786,9154.230004,9206.26
1525791293321,9154.330006,9206.25999891
1525791294834,9154.330006,9206.2599
1525791300836,9154.36,9206.15989993
1525791303230,9154.450002,9206.159799
1525791307735,9154.460001,9206.149999
1525791311361,9154.460002,9206.05
1525791315134,9154.560001,9206.04999892
1525791315134,9154.560001,9206.04999892
1525791322944,9154.660003,9206.0498
1525791325486,9154.670001,9206.0399
1525791329706,9154.770001,9206.03989888
1525791333714,9154.870001,9206.03989893
1525791336547,9154.88,9205.93
1525791340553,9154.880002,9205.92999892
1525791345167,9154.99,9205.8299
1525791348812,9154.990002,9205.81989993
1525791352826,9155.090001,9205.81989784
1525791354703,9155.090002,9205.719899
1525791359847,9155.190003,9205.71989694
1525791363212,9155.190003,9205.9197
1525791367430,9155.3,9205.909999
1525791370602,9155.300001,9205.90999892
1525791374748,9155.300001,9167.9
1525791378746,9155.400002,9167.9
1525791381922,9155.400002,9167.9
1525791385331,9155.400002,9167.9
1525791388309,9155.400002,9167.9
1525791392211,9155.400002,9167.9
1525791395734,9155.400002,9175.4
1525791400815,9155.400002,9175.4
1525791403964,9155.400002,9175.4
1525791407838,9155.400002,9175.4
1525791412291,9155.400002,9175.4
1525791415488,9155.400002,9175.4
1525791418409,9155.400002,9175.4
1525791423594,9155.400002,9175.4
1525791426774,9155.400002,9175.4
1525791429720,9155.400002,9175.4
1525791435544,9155.400002,9175.4
1525791438584,9155.400002,9175.5
1525791443027,9155.400002,9175.5
1525791446201,9155.400002,9175.5
1525791449674,9155.400002,9175.5
1525791453406,9155.400002,9175.5
1525791458159,9155.400002,9175.5
1525791459717,9155.400002,9175.5
1525791464762,9155.400002,9175.5
1525791468890,9155.400002,9175.5
1525791471795,9155.400002,9175.5
1525791476498,9155.400002,9175.5
1525791480998,9155.400002,9175.5
1525791485162,9155.400002,9175.5
1525791488920,9155.400002,9175.5
1525791491789,9155.400002,9175.5
1525791495514,9155.400002,9175.5
1525791499926,9155.400002,9175.5
1525791502101,9155.400002,9175.5
1525791507522,9155.400002,9175.5
1525791511025,9155.400002,9175.5
1525791515166,9155.400002,9175.5
1525791519020,9155.400002,9175.5
1525791524416,9155.400002,9175.5
1525791528067,9155.400002,9175.5
1525791531932,9155.400002,9175.5
1525791535606,9155.400002,9175.5
1525791540014,9155.400002,9175.5
1525791542326,9155.400002,9175.5
1525791547758,9155.400002,9175.7
1525791551352,9155.400002,9175.7
1525791555591,9155.400002,9175.7
1525791559253,9155.400002,9175.7
1525791562798,9155.400002,9175.7
1525791567766,9155.400002,9175.7
1525791570787,9155.400002,9175.7
1525791575274,9155.400002,9175.7
1525791577979,9155.400002,9175.7
1525791582654,9155.400002,9175.7
1525791585926,9155.400002,9175.7
1525791590597,9155.400002,9175.7
1525791594133,9155.400002,9175.7
1525791597553,9155.400002,9175.7
1525791601655,9155.400002,9175.7
1525791605327,9155.400002,9175.7
1525791608944,9155.400002,9175.7
1525791613476,9155.400002,9175.7
1525791616075,9155.400002,9175.7
1525791618912,9155.400002,9175.7
1525791624644,9155.400002,9175.7
1525791628065,9155.400002,9175.7
1525791631938,9155.41,9175.7
1525791636702,9155.410001,9175.6
1525791640137,9155.410001,9175.6
1525791642819,9155.410001,9175.6
1525791647931,9155.42,9175.7
1525791651225,9155.42,9175.7
1525791655061,9155.420001,9175.6
1525791659105,9155.420001,9175.6
1525791660746,9155.420001,9182.3
1525791666514,9155.63,9182.4
1525791670871,9155.730001,9182.4
1525791672654,9155.64,9182.4
1525791676990,9155.65,9182.4
1525791681761,9155.75,9183.3
1525791686009,9155.76,9183.3
1525791690311,9155.76000001,9183.3
1525791693102,9155.77,9183.3
1525791697268,9155.770001,9183.3
1525791702075,9155.770001,9183.3
1525791704085,9155.78,9183.3
1525791704085,9155.78,9183.3
1525791704085,9155.78,9183.3
1525791704085,9155.78,9183.3
1525791704085,9155.78,9183.3
1525791704085,9155.78,9183.3
1525791704085,9155.78,9183.3
1525791704085,9155.78,9183.3
1525791704085,9155.78,9183.3
1525791704085,9155.78,9183.3
1525791704085,9155.78,9183.3
1525791704085,9155.78,9183.3
1525791704085,9155.78,9183.3
1525791704085,9155.78,9183.3
1525791704085,9155.78,9183.3
1525791704085,9155.78,9183.3
1525791771610,9156.180001,9186.7
1525791778226,9156.180002,9190.6
1525791781190,9156.19,9190.6
1525791785323,9156.19,9190.6
1525791788588,9156.190001,9190.6
1525791794236,9156.33578195,9190.6
1525791797989,9156.29578125,9190.6
1525791801149,9156.335782,9190.6
1525791805751,9156.335782,9190.6
1525791809151,9156.35,9190.6
1525791815346,9156.450001,9190.6
1525791818952,9156.550001,9190.6
1525791822141,9156.6057828,9190.6
1525791826726,9156.62,9190.6
1525791830182,9156.62,9190.6
1525791833537,9156.6657841,9190.6
1525791835937,9156.6657841,9190.6
1525791840409,9156.68,9190.6
1525791845168,9156.680001,9190
1525791848656,9156.680001,9190
1525791852123,9156.69,9190
1525791855725,9156.7,9190
1525791859392,9156.82578491,9190
1525791864143,9156.84,9190
1525791868384,9156.92578501,9190
1525791871897,9157.02578501,9190
1525791875225,9157.125786,9190
1525791878524,9157.15,9190
1525791882885,9157.16,9190
1525791886980,9157.26,9190
1525791889428,9157.36,9190
1525791894405,9157.37,9190
1525791897711,9157.460001,9190
1525791900915,9157.460001,9190
1525791904433,9157.560001,9190
1525791908253,9157.67,9190
1525791913784,9157.720001,9190
1525791916309,9157.820001,9190
1525791920959,9157.73,9190
1525791924829,9157.730001,9190
1525791928661,9157.74,9190
1525791932803,9157.740001,9190
1525791936822,9157.74000101,9190
1525791940249,9157.75,9190
1525791943823,9157.850001,9190
1525791948327,9157.76,9190
1525791952439,9157.760001,9190
1525791956520,9157.760001,9190
1525791959652,9157.760001,9190
1525791963549,9157.760001,9190
1525791967008,9157.760001,9190
1525791970997,9157.760001,9190
1525791974441,9157.77,9190
1525791978397,9157.82,9190
1525791983673,9157.82000101,9190
1525791986753,9157.92,9190
1525791990595,9157.93,9190
1525791995472,9157.94,9190
1525791998552,9157.94,9190
1525792001861,9157.940001,9190
1525792004812,9157.940001,9190
1525792009264,9157.94000101,9190
1525792013895,9157.95,9190
1525792017278,9157.950001,9190
1525792021643,9157.950001,9190
1525792025180,9157.950001,9190
1525792028939,9157.950001,9190
1525792032945,9158.05000001,9190
1525792036229,9158.095791,9190
1525792039621,9158.11,9190
1525792043515,9158.110001,9190
1525792047899,9158.110001,9190
1525792050656,9158.110001,9190
1525792054643,9158.110001,9190
1525792059171,9158.12,9190
1525792063124,9158.210001,9190
1525792066121,9158.195792,9190
1525792070152,9158.21,9190
1525792074200,9158.310001,9190
1525792078459,9158.310002,9190
1525792080851,9158.310002,9190
1525792086444,9158.310002,9190
1525792090001,9158.310002,9190
1525792093708,9158.410002,9190
1525792096528,9158.33,9190
1525792100399,9158.420001,9190
1525792105707,9158.44,9190
1525792109495,9158.440001,9190
1525792112371,9158.44000101,9190
1525792116703,9158.450001,9190
1525792120661,9158.450001,9190
1525792124329,9158.450001,9190
1525792128094,9158.46,9190
1525792131719,9158.460001,9190
1525792135620,9158.47,9190
1525792138918,9158.48,9190
1525792142225,9158.480001,9190
1525792147116,9158.49,9190
1525792149980,9158.490001,9190
1525792153721,9158.490001,9190
1525792157828,9158.49000101,9190
1525792161822,9158.5,9190
1525792166068,9158.500001,9190
1525792169174,9158.500002,9190
1525792173492,9158.51000001,9190
1525792178216,9158.52,9190
1525792181661,9158.52,9190
1525792185132,9158.53,9190
1525792187256,9158.620001,9190
1525792191984,9158.630001,9190
1525792196745,9158.630001,9190
1525792200033,9158.630001,9190
1525792204543,9158.630001,9190
1525792207446,9158.630001,9190
1525792209888,9158.64,9190
1525792215647,9158.64,9190
1525792219005,9158.64000001,9190
1525792223765,9158.64000001,9190
1525792226361,9158.65,9190
1525792231056,9158.65000001,9190
1525792234456,9158.7057933,9190
1525792239564,9158.72,9190
1525792242213,9158.72000001,9190
1525792242213,9158.72000001,9190
1525792247982,9158.72000001,9190
1525792253524,9158.72000001,9190
1525792253524,9158.72000001,9190
1525792259307,9158.73,9190
1525792265460,9158.74,9189.9999
1525792265460,9158.74,9189.9999
1525792271000,9158.740001,9189.9999
1525792275815,9158.85,9189.9999
1525792281029,9158.85,9190
1525792285902,9158.850001,9190
1525792289445,9158.86,9190
1525792292560,9158.860001,9180
1525792296961,9158.87000001,9180
1525792300457,9158.88,9180
1525792304544,9158.880001,9180
1525792308229,9162.84,9180
1525792311837,9158.9,9180
1525792314430,9162.840001,9175
1525792318757,9162.85,9175
1525792322308,9162.86,9175
1525792326511,9162.86,9175
1525792328955,9162.86000001,9175
1525792333742,9162.87,9175
1525792337528,9162.87000101,9175
1525792341060,9162.97,9175
1525792346694,9162.97000001,9175
1525792346694,9162.97000001,9175
1525792352213,9163.015816,9175
1525792357710,9163.03,9175
1525792357710,9163.03,9175
1525792363348,9174.00000001,9175
1525792369201,9174.000001,9175
1525792373334,9174.000001,9175
1525792376907,9174.000001,9175
1525792376907,9174.000001,9175
1525792382431,9174.00000101,9175
1525792388185,9174.00000101,9175
1525792390958,9174.00000101,9175
1525792396753,9174.00000101,9175
1525792396753,9174.00000101,9175
1525792405452,9172.2,9175
1525792409494,9172.2,9175
1525792412233,9172.2,9175
1525792416868,9153.200001,9175
1525792420234,9153.200001,9175
1525792422809,9153.200002,9175
1525792427498,9153.300002,9175
1525792431608,9153.300002,9175
1525792435413,9153.300002,9175
1525792439232,9153.300003,9175
1525792442440,9153.400003,9175
1525792446081,9153.400003,9175
1525792449568,9153.400003,9175
1525792453031,9153.400003,9175
1525792457363,9153.400004,9175
1525792461432,9153.400004,9175
1525792464715,9153.400004,9175
1525792469161,9153.500004,9175
1525792471621,9153.51,9175
1525792475961,9153.51000001,9175
1525792481072,9153.610001,9175
1525792484845,9153.72,9175
1525792488398,9153.710001,9175
1525792491697,9153.76,9175
1525792494950,9153.810002,9175
1525792499407,9153.84577366,9175
1525792503632,9153.86,9175
1525792507876,9153.95577156,9175
1525792510293,9153.95577161,9175
1525792515748,9154.055772,9175
1525792519280,9154.05577169,9175
1525792520354,9154.055773,9175
1525792526688,9154.155773,9175
1525792529913,9154.08,9175
1525792532275,9154.255774,9175
1525792537893,9154.27,9175
1525792542307,9154.28,9175
1525792545684,9154.37,9175
1525792549156,9154.455776,9175
1525792553001,9154.470001,9175
1525792556708,9154.555777,9175
1525792561261,9154.48,9175
1525792565316,9154.48,9175
1525792569160,9154.655778,9175
1525792572877,9154.6257729,9175
1525792576301,9154.86304768,9175
1525792579491,9154.96304768,9175
1525792584955,9155.45548089,9175
1525792587702,9155.57,9175
1525792592555,9155.570001,9175
1525792596515,9155.670002,9175
1525792599254,9155.770002,9175
1525792603612,9155.77000201,9175
1525792606596,9155.95367486,9175
1525792611116,9156.053675,9175
1525792614786,9156.053675,9175
1525792618725,9156.06,9175
1525792621623,9156.153676,9175
1525792625456,9156.160001,9175
1525792628453,9156.17,9175
1525792632497,9156.26000101,9175
1525792636709,9156.27,9175
1525792640221,9156.28,9175
1525792641580,9156.37,9175
1525792648131,9156.380001,9175
1525792651136,9156.370002,9175
1525792655561,9156.470002,9175
1525792658155,9156.47000201,9175
1525792662889,9156.570003,9175
1525792662889,9156.570003,9175
1525792670335,9156.69,9175
1525792673670,9156.69000002,9175
1525792677652,9156.780001,9175
1525792680807,9156.790001,9175
1525792686405,9156.80000001,9175
1525792697594,9156.90000001,9175
1525792699793,9156.88000101,9175
1525792705619,9156.99,9175
1525792707137,9157.000001,9175
1525792712934,9169.5,9175
1525792716279,9169.500001,9175
1525792717924,9169.500001,9175
1525792717924,9169.500001,9175
1525792717924,9169.500001,9175
1525792717924,9169.500001,9175
1525792717924,9169.500001,9175
1525792717924,9169.500001,9175
1525792717924,9169.500001,9175
1525792717924,9169.500001,9175
1525792750013,9169.600004,9175
1525792753956,9169.600004,9175
1525792757138,9169.60000401,9175
1525792761480,9169.70000201,9175
1525792764512,9169.700003,9175
1525792768911,9169.700003,9175
1525792773117,9174,9175
1525792776771,9174.000001,9175
1525792780220,9174.1,9175
1525792784531,9174.100001,9175
1525792788592,9174.100001,9175
1525792792255,9174.10000101,9175
1525792795914,9174.200001,9175
1525792799754,9174.200001,9175
1525792802206,9174.200001,9175
1525792806654,9174.200002,9175
1525792811653,9174.200002,9175
1525792815176,9174.300002,9175
1525792819017,9174.30000201,9175
1525792822439,9174.400002,9175
1525792825652,9174.400003,9175
1525792829125,9174.400003,9175
1525792832690,9174.400003,9175
1525792836932,9174.400003,9175
1525792840809,9174.400003,9175
1525792844650,9174.400003,9175
1525792847007,9174.400003,9175
1525792852215,9174.400003,9175
1525792855471,9174.400003,9175
1525792858984,9174.400003,9175
1525792862514,9174.400003,9175
1525792866689,9174.400003,9175
1525792870177,9174.400003,9175
1525792875325,9174.400003,9175
1525792879313,9174.400003,9175
1525792883643,9174.400003,9175
1525792886872,9174.400003,9175
1525792890945,9174.400003,9175
1525792895366,9174.400003,9175
1525792898499,9174.400003,9175
1525792901752,9174.400003,9175
1525792906220,9174.40000301,9175
1525792910293,9174.40000301,9175
1525792912908,9174.40000301,9175
1525792917518,9174.40000301,9175
1525792920990,9174.40000301,9175
1525792925120,9174.40000301,9175
1525792927821,9174.40000301,9175
1525792931647,9174.40000301,9175
1525792936126,9174.40000301,9175
1525792939521,9174.40000301,9175
1525792942714,9174.40000301,9175
1525792946854,9174.40000301,9175
1525792950191,9174.40000301,9175
1525792954181,9174.50000301,9175
1525792957773,9174.500004,9175
1525792961465,9174.500004,9175
1525792964036,9174.50000401,9626
1525792969097,9174.500005,9175
1525792972666,9174.500005,9175
1525792977758,9174.500005,9175
1525792980539,9174.50000402,9175
1525792982065,9174.50000402,9175
1525792988256,9174.50000401,9175
1525792992032,9174.50000401,9175
1525792996528,9174.50000401,9175
1525792999267,9174.50000401,9175
1525793004077,9174.50000401,9175
1525793008615,9174.500005,9180
1525793008615,9174.500005,9180
1525793014221,9174.500005,9180
1525793018672,9174.600006,9180
1525793021768,9174.60000601,9180
1525793026323,9174.60000601,9180
1525793030166,9174.700007,9180
1525793035250,9174.800007,9180
1525793038588,9174.800007,9180
1525793042525,9174.800007,9180
1525793045998,9174.900007,9180
1525793048603,9174.900008,9180
1525793052693,9175.000008,9180
1525793055780,9175.000008,9180
1525793060557,9175.000008,9180
1525793063455,9175.00000801,9180
1525793069385,9175.000009,9180
1525793071768,9175.000009,9180
1525793076435,9175.10000901,9180
1525793080655,9175.20001,9180
1525793083314,9175.20001,9180
1525793087272,9175.300011,9180
1525793091033,9175.300011,9180
1525793094896,9175.300012,9180
1525793099660,9175.300012,9180
1525793102125,9175.300012,9180
1525793107223,9175.300012,9180
1525793110900,9175.300012,9180
1525793116168,9175.300012,9180
1525793121373,9175.300012,9180
1525793124940,9175.300012,9180
1525793128712,9175.300012,9180
1525793132280,9175.300012,9180
1525793135720,9175.300012,9180
1525793138825,9175.300012,9180
1525793143004,9175.300012,9180
1525793147128,9175.300012,9180
1525793149925,9175.300012,9180
1525793154526,9175.300012,9180
1525793157359,9175.300012,9180
1525793160803,9175.30001201,9180
1525793166330,9175.30001201,9180
1525793169997,9156.49861171,9180
1525793174458,9156.498612,9180
1525793177232,9156.498613,9180
1525793181009,9164.4,9180
1525793185356,9164.400001,9180
1525793189220,9164.500001,9180
1525793192157,9164.500001,9180
1525793196057,9164.500001,9190
1525793200841,9164.500001,9190
1525793203213,9164.500001,9190
1525793208299,9164.50000101,9190
1525793211642,9164.50000101,9190
1525793215754,9164.50000101,9190
1525793219978,9164.50000101,9190
1525793222158,9164.50000101,9190
1525793227537,9164.50000101,9190
1525793231027,9164.50000101,9190
1525793232143,9164.50000101,9190
1525793238597,9164.50000101,9190
1525793242239,9164.50000101,9190
1525793245767,9164.50000101,9190
1525793250144,9164.50000101,9190
1525793253932,9164.50000101,9190
1525793257596,9164.50000101,9190
1525793260019,9164.50000101,9190
1525793264456,9164.50000101,9190
1525793267869,9164.600002,9190
1525793272459,9164.600003,9190
1525793275868,9164.700003,9190
1525793279242,9164.700004,9190
1525793281552,9164.800004,9190
1525793286594,9164.800004,9190
1525793291010,9164.900005,9190
1525793294758,9164.900005,9190
1525793298612,9164.900005,9190
1525793301945,9164.900005,9190
1525793305210,9164.900005,9190
1525793309320,9164.900005,9190
1525793313212,9164.900005,9190
1525793314347,9164.900005,9190
1525793320810,9156.210001,9190
1525793322045,9156.310001,9190
1525793328541,9156.410002,9190
1525793332289,9156.410002,9190
1525793336074,9156.510002,9190
1525793341058,9156.510003,9190
1525793342226,9156.510003,9190
1525793348232,9156.610003,9190
1525793351842,9156.610004,9190
1525793355108,9156.710004,9190
1525793357608,9156.710005,9190
1525793363398,9156.810005,9190
1525793366507,9156.810006,9190
1525793370005,9156.910006,9190
1525793374205,9156.910007,9190
1525793378157,9157.010007,9190
1525793381587,9157.010008,9190
1525793386297,9157.110008,9190
1525793389832,9157.110008,9190
1525793393998,9157.210009,9190
1525793397204,9157.210009,9190
1525793402032,9157.31001,9190
1525793405452,9157.31001,9190
1525793408128,9157.31001,9190
1525793413369,9157.410011,9190
1525793416941,9157.410011,9190
1525793420539,9157.510012,9190
1525793424184,9157.510012,9190
1525793427599,9157.610013,9190
1525793431947,9157.610013,9190
1525793434303,9157.610014,9190
1525793438598,9157.710015,9190
1525793442430,9157.810015,9190
1525793446726,9157.810015,9189.95405
1525793450660,9157.810015,9189.95404989
1525793454578,9157.810015,9189.95404989
1525793457211,9157.810015,9189.95404973
1525793462112,9157.810015,9189.95404973
1525793465328,9157.810015,9190
1525793469408,9157.810015,9189.9540495
1525793473157,9157.810015,9189.95405
1525793475687,9157.810015,9189.95404988
1525793480029,9157.810015,9189.9540498
1525793484287,9157.810015,9189.9540498
1525793488700,9157.810015,9189.95405
1525793491901,9157.810015,9189.95404994
1525793496009,9157.810015,9190
1525793499452,9157.810015,9190
1525793502964,9157.810015,9190
1525793506642,9157.810015,9190
1525793511047,9157.810015,9190
1525793515227,9157.810015,9190
1525793518288,9157.810015,9190
1525793521130,9157.810015,9190
1525793526828,9157.810015,9190
1525793530435,9157.810015,9190
1525793534451,9157.810015,9190
1525793536863,9157.810015,9190
1525793542469,9157.81001501,9190
1525793546033,9157.81001501,9190
1525793549585,9157.81001501,9190
1525793553599,9157.910016,9190
1525793557080,9157.91001601,9190
1525793562125,9157.910017,9190
1525793565725,9158.05580705,9190
1525793567986,9158.05580726,9190
1525793572242,9158.110019,9190
1525793576125,9158.210019,9190
1525793579757,9158.21002,9190
1525793583787,9158.31002,9190
1525793588949,9158.25580759,9190
1525793593572,9158.40159978,9190
1525793598114,9158.410021,9190
1525793598114,9158.410021,9190
1525793604758,9158.601601,9190
1525793609244,9158.64739409,9190
1525793612805,9158.747395,9190
1525793615992,9158.747396,9190
1525793619953,9158.747396,9190
1525793624126,9158.74739601,9190
1525793626944,9158.74739601,9190
1525793630940,9158.747397,9190
1525793632085,9158.747397,9190
1525793637076,9158.747397,9190
1525793640765,9158.747398,9190
1525793645348,9158.84739801,9190
1525793649732,9158.947399,9190
1525793653361,9158.99319374,9190
1525793656181,9158.993194,9190
1525793659976,9159,9190
1525793664202,9159.1,9190
1525793667452,9159.11,9190
1525793671293,9159.110001,9190
1525793674401,9159.210001,9190
1525793680077,9159.22,9190
1525793680077,9159.22,9190
1525793686851,9159.33,9190
1525793686851,9159.33,9190
1525793695366,9159.44,9190
1525793698668,9159.53,9190
1525793698668,9159.53,9190
1525793706877,9159.54000001,9190
1525793710229,9159.640001,9190
1525793714894,9159.650001,9190
1525793719050,9159.740002,9190
1525793720029,9159.740002,9190
1525793726056,9159.840003,9190
1525793729640,9159.840004,9190
1525793733640,9159.84000401,9190
1525793735809,9159.940004,9190
1525793740707,9159.940005,9190
1525793744090,9159.940005,9190
1525793748323,9159.940005,9190
1525793750912,9159.94000501,9190
1525793755546,9159.940006,9190
1525793759433,9160.140006,9190
1525793763194,9160.140006,9190
1525793767223,9160.240007,9190
1525793770872,9160.200002,9190
1525793774810,9160.240008,9190
1525793778593,9160.240008,9190
1525793782070,9160.2,9190
1525793785979,9160.440009,9190
1525793789573,9160.4858112,9190
1525793793112,9161,9190
1525793797384,9161.1,9190
1525793801736,9161.100001,9190
1525793804929,9161.200001,9190
1525793808417,9161.200001,9190
1525793812732,9161.200002,9190
1525793816857,9161.20000201,9190
1525793820807,9161.200003,9190
1525793824607,9161.20000301,9190
1525793828329,9161.200004,9190
1525793832300,9161.20000401,9190
1525793833627,9161.20000401,9190
1525793840049,9161.200005,9190
1525793843693,9161.300004,9190
1525793847782,9161.30000401,9190
1525793850846,9161.30000501,9190
1525793854791,9161.30000501,9190
1525793859277,9161.400005,9190
1525793862539,9161.400006,9190
1525793866759,9161.400006,9190
1525793869443,9161.400006,9190
1525793873172,9161.400006,9190
1525793876690,9161.500006,9190
1525793880475,9161.500006,9190
1525793884984,9161.40000601,9190
1525793888859,9161.50000601,9190
1525793890218,9161.50000601,9190
1525793895760,9161.500007,9190
1525793898448,9161.600007,9190
1525793903788,9161.600008,9190
1525793907304,9161.60000801,9190
1525793910713,9161.700008,9190
1525793914722,9161.700009,9190
1525793917577,9161.700009,9190
1525793921402,9161.70000901,9190
1525793925876,9161.80000901,9190
1525793928813,9161.80001,9190
1525793933536,9161.80001001,9190
1525793936273,9161.90001,9190
1525793939018,9161.900011,9190
1525793944596,9161.900011,9190
1525793948067,9162.000011,9190
1525793951357,9162.000012,9190
1525793955585,9162.000012,9190
1525793959535,9162.00001201,9190
1525793963036,9162.000013,9190
1525793966575,9162.000013,9190
1525793969478,9162.00001301,9190
1525793974142,9163,9190
1525793978629,9163,9190
1525793981481,9163,9190
1525793985725,9163.000001,9190
1525793989380,9163.000001,9190
1525793992119,9163.000001,9190
1525793995639,9163.000001,9190
1525793999584,9163.000001,9190
1525794003790,9163.000001,9190
1525794007331,9163.000001,9190
1525794010920,9163.000001,9190
1525794014725,9163.000001,9190
1525794019090,9164,9190
1525794021293,9164.000001,9190
1525794026454,9164.00000101,9190
1525794030140,9164.00000101,9190
1525794033596,9164.04582101,9190
1525794037409,9165,9190
1525794041504,9165,9190
1525794045856,9165.000001,9190
1525794049113,9165.000001,9190
1525794052582,9165.100001,9190
1525794055920,9165.100002,9190
1525794060251,9165.100002,9190
1525794061318,9165.100002,9190
1525794068466,9166,9180
1525794070990,9166.000001,9180
1525794076329,9166.04583,9180
1525794078138,9166.045832,9180
1525794081532,9166.045832,9180
1525794087178,9166.14583055,9180
1525794090572,9166.14583055,9190
1525794094769,9166.145833,9190
1525794098923,9166.245833,9190
1525794101993,9166.245833,9190
1525794105867,9166.245833,9190
1525794110330,9167,9190
1525794113269,9167,9190
1525794117254,9167.000001,9190
1525794122796,9167.000001,9190
1525794127298,9167.100001,9190
1525794128920,9167.100001,9190
1525794133963,9167.100002,9190
1525794137421,9167.100002,9190
1525794140851,9167.100002,9190
1525794146428,9167.200002,9190
1525794149657,9167.200002,9190
1525794153739,9167.10000201,9190
1525794157323,9167.200003,9190
1525794161547,9167.200003,9190
1525794165876,9167.200003,9190
1525794169044,9167.20000301,9190
1525794172730,9167.200004,9190
1525794174939,9167.200004,9190
1525794179923,9167.300004,9190
1525794182132,9167.20000401,9190
1525794187907,9167.20000402,9190
1525794191578,9167.300005,9190
1525794195222,9167.3458415,9190
1525794198123,9167.345842,9190
1525794202609,9167.44584187,9190
1525794206268,9168,9190
1525794210342,9168,9190
1525794214180,9168,9190
1525794217084,9168,9190
1525794220688,9168,9190
1525794224281,9168,9190
1525794229716,9168,9190
1525794233508,9168,9190
1525794236867,9168,9190
1525794240785,9168,9190
1525794245285,9168,9190
1525794248548,9168,9190
1525794252640,9168,9190
1525794253780,9168,9190
1525794259530,9168,9190
1525794263478,9168.045841,9190
1525794266490,9168.045841,9190
1525794270953,9168.045841,9190
1525794275324,9168.04584101,9190
1525794278288,9168.145841,9190
1525794283234,9168.19168211,9190
1525794287273,9168.291682,9190
1525794288398,9168.291682,9190
1525794294714,9169,9190
1525794297897,9169,9190
1525794301229,9169,9190
1525794305153,9169,9190
1525794309373,9169,9190
1525794314134,9169.045845,9190
1525794316628,9169.045846,9190
1525794320586,9169.04584601,9190
1525794325017,9169.045847,9190
1525794327616,9169.145847,9190
1525794332893,9169.145847,9190
1525794336146,9169.14584701,9190
1525794339985,9169.145848,9190
1525794343267,9169.19169373,9190
1525794346518,9170,9190
1525794351345,9170,9190
1525794354820,9170,9190
1525794357995,9170,9190
1525794360366,9170,9190
1525794365896,9170,9190
1525794369587,9170,9190
1525794373028,9170.04585,9190
1525794376152,9170.045851,9190
1525794380999,9170.145851,9190
1525794384420,9170.145852,9190
1525794388415,9170.145852,9190
1525794388415,9170.145852,9190
1525794396309,9170.19170275,9190
1525794399820,9170.19170288,9190
1525794401341,9171,9190
1525794406743,9171,9190
1525794410722,9171,9190
1525794414354,9171,9190
1525794419025,9171,9190
1525794421540,9171,9190
1525794425165,9171,9190
1525794425165,9171,9190
1525794434772,9171,9190
1525794437797,9171.045855,9190
1525794441539,9171.045856,9190
1525794446237,9170.5,9190
1525794450073,9171.19171085,9190
1525794452605,9171.19171094,9190
1525794456787,9172,9190
1525794459661,9172,9190
1525794464346,9172.045861,9190
1525794467442,9172.045861,9190
1525794471436,9172.045861,9190
1525794474915,9172.045861,9190
1525794478706,9172.045861,9190
1525794478706,9172.045861,9190
1525794485688,9172.045861,9190
1525794490228,9172.06,9190
1525794494288,9172.1058603,9190
1525794497810,9172.10586041,9190
1525794502192,9182.43494328,9190
1525794505448,9182.4859122,9190
1525794509233,9191.66816092,9196.03610092
1525794513320,9191.66816092,9196.03610092
1525794514460,9191.668161,9196.03610092
1525794514460,9191.668161,9196.03610092
1525794524423,9191.668162,9196.03610092
1525794528869,9191.668162,9196.03610092
1525794532173,9191.668162,9196.03610092
1525794536257,9191.668162,9196.03610092
1525794539323,9191.66816201,9196.03610092
1525794543113,9192,9196.03610092
1525794546531,9192,9196.03610092
1525794550493,9192.000001,9196.03610092
1525794554517,9192.00000101,9196.03610092
1525794558077,9195.50000001,9196.03610092
1525794562982,9195.54597759,9196.03610092
1525794568355,9195.54597801,9196.03610092
1525794572082,9195.54597801,9196.03610092
1525794575959,9195.59195673,9196.03610092
1525794579537,9195.59195695,9196.03610092
1525794583890,9195.59195717,9196.03610092
1525794587318,9195.591958,9196.03610092
1525794594454,9195.591958,9196.03610092
1525794601056,9195.59195801,9196.03610092
1525794603434,9196.03610092,9200
1525794609339,9196.036101,9200
1525794613418,9196.036101,9200
1525794620065,9196.036101,9207.7
1525794623648,9199.000001,9207.7
1525794628012,9199.000001,9207.7
1525794631847,9199.000001,9207.7
1525794635766,9199.045996,9207.7
1525794638062,9199.045996,9207.7
1525794643169,9199.045997,9207.7
1525794646909,9199.045997,9207.7
1525794651619,9199.045997,9207.7
1525794654137,9199.045997,9207.7
1525794658432,9199.045997,9207.7
1525794662467,9199.045997,9207.7
1525794666648,9199.045997,9207.7
1525794670045,9207.7,9211
1525794672037,9207.7,9211
1525794676600,9207.7,9211
1525794680665,9207.7,9211
1525794683712,9207.7,9211
1525794695585,9207.7,9211
1525794701907,9207.7,9211
1525794706610,9207.7,9211
1525794708168,9207.7,9211
1525794713785,9207.7,9211
1525794718036,9207.7,9211
1525794721564,9199.045997,9211
1525794724743,9199.045997,9211
1525794730078,9199.045997,9211
1525794733919,9199.045997,9211
1525794736502,9199.045997,9211
1525794740580,9199.045997,9211
1525794744959,9199.045997,9211
1525794748253,9199.045997,9211
1525794752612,9199.045997,9211
1525794756146,9199.045997,9211
1525794759996,9199.045997,9211
1525794763561,9199.045997,9211
1525794766824,9199.045997,9211
1525794770871,9199.045997,9211
1525794774008,9199.045997,9211
1525794779870,9199.045997,9212.2
1525794783276,9199.045997,9212.2
1525794786943,9199.045997,9212.2
1525794791193,9199.045997,9212.2
1525794795164,9199.045997,9212.2
1525794798923,9199.045997,9212.2
1525794802220,9199.045997,9212.2
1525794806847,9199.045997,9212.2
1525794811057,9199.045997,9212.2
1525794815605,9199.045997,9212.2
1525794819107,9199.045997,9212.2
1525794823579,9199.045997,9212.2
1525794827013,9199.045997,9212.2
1525794830236,9199.045997,9212.2
1525794831232,9199.045997,9212.2
1525794837686,9199.045997,9212.2
1525794841409,9199.045997,9212.2
1525794845186,9199.045997,9212.2
1525794847633,9199.045997,9212.2
1525794847633,9199.045997,9212.2
1525794855390,9199.045997,9212.2
1525794859222,9199.045997,9212.2
1525794864747,9199.045997,9212.2
1525794868507,9199.045997,9212.2
1525794872156,9199.045997,9212.2
1525794876576,9199.045997,9212.2
1525794880111,9199.045997,9212.2
1525794884134,9199.045997,9212.2
1525794884134,9199.045997,9212.2
1525794892101,9199.045997,9212.2
1525794895318,9199.045997,9214.9
1525794898924,9199.045997,9214.9
1525794901664,9199.045997,9214.9
1525794906639,9199.045997,9214.9
1525794910852,9199.045997,9214.9
1525794913509,9199.045997,9214.9
1525794917792,9199.045997,9214.9
1525794921557,9199.045997,9214.9
1525794926332,9199.045997,9214.9
1525794929912,9199.045997,9214.9
1525794933918,9199.045997,9214.9
1525794938462,9199.045997,9214.9
1525794941791,9199.045997,9214.9
1525794945120,9177.50581871,9214.9
1525794949952,9199.045997,9214.9
1525794953130,9199.045997,9214.9
1525794956471,9199.045997,9214.79999999
1525794956471,9199.045997,9214.79999999
1525794965413,9199.045997,9214.79999999
1525794968016,9199.045997,9214.79999999
1525794973744,9199.045997,9214.79999999
1525794977448,9199.045997,9214.79999999
1525794981468,9199.045997,9214.79999999
1525794985173,9214.79999999,9214.8
1525794988686,9214.79999999,9214.8
1525794992257,9214.79999999,9214.8
1525794996717,9214.8,9214.9
1525795000429,9214.8,9214.9
1525795003080,9214.8,9214.9
1525795007307,9199.045997,9214.9
1525795011401,9199.045997,9214.9
1525795014380,9199.045997,9214.9
1525795018003,9199.045997,9214.9
1525795022160,9199.045997,9214.9
1525795025426,9199.045997,9214.9
1525795029500,9199.045997,9214.89999999
1525795033360,9199.045997,9214.89999999
1525795037287,9199.045997,9214.89999999
1525795041027,9199.045997,9214.89999999
1525795044425,9199.045997,9214.89999999
1525795046146,9199.045997,9214.89999999
1525795046146,9199.045997,9214.89999999
1525795056052,9199.046,9214.89999999
1525795059771,9199.046,9214.89999999
1525795063392,9199.046,9214.89999999
1525795067821,9199.046,9214.89999999
1525795071485,9200,9214.92
1525795074258,9200,9214.92
1525795077044,9200,9214.92
1525795082155,9200.000001,9214.92
1525795086516,9200.000001,9214.92
1525795089386,9200.1,9214.92
1525795093857,9200.100001,9214.92
1525795096809,9200.100001,9214.92
1525795100035,9200.100001,9214.92
1525795105372,9200.100001,9214.92
1525795108987,9200.10000101,9214.92
1525795112720,9200.100002,9214.92
1525795115624,9200.100002,9214.92
1525795120204,9200.100003,9214.92
1525795124003,9200.100003,9214.92
1525795126952,9200.100003,9214.92
1525795131852,9200.100003,9214.92
1525795136212,9200.100004,9214.92
1525795139129,9200.100004,9214.92
1525795142265,9200.100004,9214.92
1525795148102,9200.100005,9214.92
1525795151798,9200.14600472,9214.92
1525795152986,9200.146005,9214.92
1525795158683,9200.146005,9214.92
1525795162817,9200.14600507,9214.92
1525795166172,9200.146006,9214.92
1525795170540,9200.146006,9214.92
1525795173675,9200.19200673,9214.92
1525795177663,9200.192007,9214.92
1525795180353,9200.19200717,9214.92
1525795184845,9200.19200717,9214.92
1525795187955,9208,9214.92
1525795192417,9208.000001,9214.92
1525795194802,9208.000001,9225
1525795194802,9208.000001,9225
1525795203657,9208.000001,9225
1525795207315,9208.000001,9225
1525795211357,9208.000001,9225
1525795215392,9208.000001,9225
1525795218194,9208.000001,9225
1525795222670,9208.000001,9225
1525795225276,9208.000001,9225
1525795234683,9208,9208.000001
1525795237446,9208,9208.000001
1525795241350,9208,9208.000001
1525795245585,9208,9208.000001
1525795248850,9208,9208.000001
1525795252714,9208,9208.000001
1525795256531,9208,9208.000001
1525795260900,9208,9208.000001
1525795264612,9208,9208.000001
1525795264612,9208,9208.000001
1525795272263,9208,9208.000001
1525795275728,9208,9208.000001
1525795279814,9208,9208.000001
1525795283278,9208,9208.000001
1525795287273,9208,9208.000001
1525795290539,9208,9208.000001
1525795293038,9208,9208.000001
1525795298519,9208,9208.000001
1525795301596,9208,9208.000001
1525795306847,9208,9208.000001
1525795311868,9208,9208.000001
1525795315212,9208,9208.000001
1525795318722,9208,9208.000001
1525795322124,9208,9208.000001
1525795325469,9208,9208.000001
1525795330300,9208,9208.000001
1525795332988,9208,9208.000001
1525795337807,9208,9208.000001
1525795340684,9208,9208.000001
1525795344597,9208,9208.000001
1525795348600,9208,9208.000001
1525795352382,9210,9225
1525795355533,9210,9225
1525795359224,9210,9225
1525795363990,9192.09766222,9225
1525795365413,9210,9225
1525795370671,9210,9225
1525795373655,9210,9225
1525795377864,9210,9225
1525795381593,9210,9225
1525795385272,9210,9225
1525795389057,9210,9225
1525795392532,9210,9225
1525795395903,9210,9225
1525795400595,9210,9225
1525795403560,9210,9225
1525795406464,9210,9225
1525795411764,9210,9225
1525795415697,9210,9225
1525795418837,9210,9225
1525795420045,9210,9225
1525795425740,9210,9225
1525795425740,9210,9225
1525795436028,9210,9225
1525795438860,9210,9225
1525795442709,9210,9225
1525795448492,9210,9225
1525795452534,9210,9225
1525795455383,9210,9225
1525795459812,9210,9225
1525795463448,9210,9225
1525795467195,9210,9225
1525795470917,9210,9229
1525795474205,9210,9229
1525795478225,9210,9229
1525795482599,9210,9229
1525795485446,9210,9229
1525795489392,9210,9229
1525795493249,9208.000001,9229
1525795496541,9208.000001,9229
1525795500858,9208.000001,9229
1525795502148,9208.000001,9229
1525795505332,9208.000001,9229
1525795510949,9208.000001,9229
1525795516232,9208.000001,9229
1525795519750,9208.000001,9229.0999
1525795522476,9208.000001,9229.0999
1525795526709,9208.000001,9229.1
1525795530439,9208.000001,9229.1
1525795534099,9194,9229.1
1525795538782,9194,9229.1
1525795541813,9194,9229.1
1525795545367,9194,9229.1
1525795549753,9194,9229.1
1525795553591,9194,9229.1
1525795555051,9194,9229.1
1525795555051,9194,9229.1
1525795562007,9194,9229.1
1525795568746,9194,9229.1
1525795570815,9194,9229.1
1525795576745,9194,9229.1
1525795580067,9194,9229.1
1525795583564,9194,9229.1
1525795586776,9194,9229.1
1525795591545,9194,9229.1
1525795593831,9194,9229.1
1525795595014,9194,9229.1
1525795602549,9194,9229.1
1525795606129,9194,9229.1
1525795609608,9194,9229.1
1525795612835,9194,9229.1
1525795616315,9194,9229.1
1525795620156,9194,9229.1
1525795625224,9194,9229.1
1525795627849,9194,9229.1
1525795632095,9194,9229.1
1525795635633,9195,9229.1
1525795638758,9195,9229.1
1525795642465,9195,9229.1
1525795647632,9195.5,9229.1
1525795650964,9195.5,9229.1
1525795650964,9195.5,9229.1
1525795658010,9195.50000001,9229.1
1525795662196,9195.50000001,9229.1
1525795666597,9195.50000001,9229.1
1525795668200,9195.50000001,9229.1
1525795673414,9195.50000001,9229.1
1525795677324,9195.50000001,9229.1
1525795677324,9195.50000001,9229.1
1525795685126,9195.50000001,9229.1
1525795687672,9195.50000001,9229.1
1525795693292,9195.50000001,9229.1
1525795695846,9200.00000001,9229.1
1525795700196,9200.1,9229.1
1525795704818,9200.10000001,9229.1
1525795708536,9200.10000001,9229.1
1525795711961,9200.10000001,9229.1
1525795714531,9200.10000001,9229.1
1525795719581,9200.10000001,9229.1
1525795721881,9200.10000001,9229.1
1525795726800,9200.10000001,9229.1
1525795730319,9200.10000001,9229.1
1525795733792,9200.10000001,9229.1
1525795737539,9200.10000001,9229.1
1525795742188,9200.10000001,9229.1
1525795745404,9200.10000001,9229.1
1525795749652,9200.10000001,9229.1
1525795752981,9200.10000001,9229.1
1525795757200,9200.10000001,9229.1
1525795760677,9200.10000001,9229.1
1525795763260,9200.10000001,9229.1
1525795768604,9200.10000001,9229.1
1525795770934,9200.10000001,9229.1
1525795775820,9200.10000001,9229.1
1525795778945,9200.10000001,9229.1
1525795783270,9200.10000001,9229.1
1525795787007,9200.10000001,9229.1
1525795790656,9200.10000001,9229.1
1525795794065,9200.10000001,9229.1
1525795798391,9200.10000001,9229.1
1525795801805,9200.10000001,9229.1
1525795805300,9200.10000001,9229.1
1525795808838,9220,9229.1
1525795813303,9220,9229.1
1525795816704,9220,9229.1
1525795820832,9220,9229.1
1525795824328,9200.10000001,9229.1
1525795826647,9200.10000001,9229.1
1525795831567,9200.10000001,9229.1
1525795836616,9200.10000001,9229.1
1525795840014,9200.10000001,9229.1
1525795844201,9200.10000001,9229.1
1525795848423,9200.10000001,9229.1
1525795852345,9200.10000001,9229.1
1525795859328,9200.10000001,9229.1
1525795864660,9200.10000001,9229.1
1525795867806,9200.10000001,9229.1
1525795871692,9200.10000001,9229.1
1525795875200,9200.10000001,9229.1
1525795880142,9200.10000001,9229.1
1525795884691,9200.10000001,9229.1
1525795887791,9200.10000001,9229.1
1525795890632,9200.10000001,9229.1
1525795894576,9200.10000001,9229.1
1525795899220,9200.10000001,9229.1
1525795902440,9200.10000001,9229.1
1525795906930,9200.10000001,9229.1
1525795909168,9200.1,9229.1
1525795913549,9200.1,9229.1
1525795917601,9200.1,9229.1
1525795918896,9200.1,9229.1
1525795927504,9200.1,9229.1
1525795932103,9200.1,9229.1
1525795933444,9200.1,9229.1
1525795939160,9200.1,9229.1
1525795944808,9200.1,9229.1
1525795944808,9200.1,9229.1
1525795950437,9200.1,9229.1
1525795960723,9200.1,9229.1
1525795965331,9200.1,9229.1
1525795969038,9200.1,9229.1
1525795972531,9200.1,9229.1
1525795976359,9200.1,9229.1
1525795980991,9200.1,9229.1
1525795982131,9200.1,9229.1
1525795987669,9200.1,9229.1
1525795992616,9200.1,9229.1
1525795995705,9200.1,9229.1
1525795999199,9200.1,9229.1
1525796002576,9200.1,9229.1
1525796006603,9200.1,9229.1
1525796010280,9200.1,9229.1
1525796014680,9200.2,9229.1
1525796014680,9200.2,9229.1
1525796022353,9200.1,9229.1
1525796022353,9200.1,9229.1
1525796029908,9200.1,9229.1
1525796032549,9200.1,9229.1
1525796035197,9200.1,9229.1
1525796041896,9200.1,9229.1
1525796045352,9200.1,9229.1
1525796048932,9200.1,9229.1
1525796052344,9200.1,9229.1
1525796052344,9200.1,9229.1
1525796057868,9200.1,9229.1
1525796063506,9200.1,9229.1
1525796067487,9200.1,9229.1
1525796071287,9200.1,9229.1
1525796075646,9200.100001,9237.40854467
1525796078240,9200.1,9237.40854367
1525796082383,9200.100001,9237.40854467
1525796086095,9200.100001,9237.40854367
1525796090036,9200.1,9237.40854367
1525796092753,9200.100001,9237.40854367
1525796097889,9200.200001,9237.40854467
1525796100328,9200.100001,9237.40854367
1525796105251,9200.100001,9237.40854467
1525796108821,9200.2,9237.40854366
1525796112909,9200.2,9237.40854366
1525796116581,9200.200001,9237.40854366
1525796120739,9200.200001,9237.36235662
1525796125905,9205,9237.36235626
1525796129655,9205,9237.40854365
1525796132060,9205,9237.36235592
1525796137967,9220,9237.3623558
1525796141186,9220,9237.36235561
1525796144760,9220,9237.36235535
1525796148818,9205,9217.4
1525796152817,9205,9217.39999999
1525796156676,9205,9217.39999999
1525796156676,9205,9217.39999999
1525796163500,9205,9217.39999999
1525796168071,9205,9217.39999999
1525796173577,9205,9217.39999999
