time,bid,ask
1525783064648,9080.91,9080.92
1525783071178,9080.91,9080.92
1525783074993,9080.91,9080.92
1525783079926,9080.91,9080.92
1525783084096,9080.91,9080.92
1525783087694,9080.91,9080.92
1525783091343,9080.91,9080.92
1525783095517,9080.91,9080.92
1525783098300,9080.91,9080.92
1525783102322,9080.91,9080.92
1525783106160,9080.91,9080.92
1525783109250,9080.91,9080.92
1525783109250,9080.91,9080.92
1525783119055,9080.91,9080.92
1525783123102,9080.91,9080.92
1525783125973,9080.91,9080.92
1525783130446,9080.91,9080.92
1525783134687,9080.91,9080.92
1525783137933,9080.91,9080.92
1525783141642,9080.91,9080.92
1525783145273,9080.91,9080.92
1525783148407,9083.63,9083.64
1525783153530,9083.63,9083.64
1525783157070,9086.36,9086.37
1525783161570,9090.33,9090.34
1525783164144,9090.33,9090.34
1525783171443,9090.33,9090.34
1525783177341,9090.33,9090.34
1525783181423,9090.33,9090.34
1525783184014,9090.33,9090.34
1525783188862,9090.33,9090.34
1525783193907,9090.47,9090.48
1525783196631,9090.47,9090.48
1525783200009,9092.29,9092.3
1525783200009,9092.29,9092.3
1525783209401,9092.29,9092.3
1525783213331,9096.56,9096.57
1525783216927,9096.56,9096.57
1525783220985,9096.56,9096.57
1525783224994,9096.56,9096.57
1525783229229,9097.74,9097.75
1525783232766,9097.74,9097.75
1525783237244,9097.74,9097.75
1525783242035,9097.74,9097.75
1525783245654,9097.74,9097.75
1525783250028,9099.99,9100
1525783254476,9099.99,9100
1525783262182,9099.99,9100
1525783267870,9099.99,9100
1525783269458,9099.99,9100
1525783276270,9099.99,9100
1525783279846,9099.99,9100
1525783285146,9099.99,9100
1525783288122,9099.99,9100
1525783288122,9099.99,9100
1525783295921,9099.99,9100
1525783300385,9099.99,9100
1525783304330,9099.99,9100
1525783307079,9099.99,9100
1525783307079,9099.99,9100
1525783314230,9099.99,9100
1525783318372,9099.99,9100
1525783322631,9099.99,9100
1525783326592,9099.99,9100
1525783329783,9099.99,9100
1525783334953,9099.99,9100
1525783339702,9099.99,9100
1525783342618,9099.99,9100
1525783345478,9099.99,9100
1525783351238,9099.99,9100
1525783354425,9099.99,9100
1525783357560,9099.99,9100
1525783362304,9099.99,9100
1525783365190,9099.99,9100
1525783369038,9099.99,9100
1525783372239,9099.99,9100
1525783372239,9099.99,9100
1525783379736,9099.99,9100
1525783382820,9099.99,9100
1525783386383,9099.99,9100
1525783391022,9099.99,9100
1525783393953,9099.99,9100
1525783397665,9099.99,9100
1525783402792,9099.99,9100
1525783406262,9099.99,9100
1525783410626,9099.99,9100
1525783413803,9099.99,9100
1525783417671,9099.99,9100
1525783421599,9102.72,9102.73
1525783424378,9102.72,9102.73
1525783428675,9102.72,9102.73
1525783432089,9102.72,9102.73
1525783436251,9102.72,9102.73
1525783437839,9102.72,9102.73
1525783441837,9102.72,9102.73
1525783445087,9102.72,9102.73
1525783449634,9102.72,9102.73
1525783454152,9102.72,9102.73
1525783458878,9102.72,9102.73
1525783466310,9102.72,9102.73
1525783470105,9102.72,9102.73
1525783474138,9102.72,9102.73
1525783478097,9102.72,9102.73
1525783483297,9102.72,9102.73
1525783486145,9102.72,9102.73
1525783489992,9102.72,9102.73
1525783494166,9102.72,9102.73
1525783496730,9102.72,9102.73
1525783501179,9102.72,9102.73
1525783505287,9102.72,9102.73
1525783509725,9102.72,9102.73
1525783513419,9102.72,9102.73
1525783515506,9102.72,9102.73
1525783519811,9102.72,9102.73
1525783523276,9102.72,9102.73
1525783528005,9102.72,9102.73
1525783528005,9102.72,9102.73
1525783534960,9102.72,9102.73
1525783538838,9099.99,9100
1525783542742,9099.99,9100
1525783545158,9099.99,9100
1525783549461,9099.99,9100
1525783554289,9099.99,9100
1525783556925,9099.99,9100
1525783561346,9099.99,9100
1525783565275,9099.99,9100
1525783569290,9099.99,9100
1525783572095,9099.99,9100
1525783575761,9099.99,9100
1525783580298,9099.99,9100
1525783584056,9099.99,9100
1525783586448,9099.99,9100
1525783590539,9099.99,9100
1525783594378,9099.99,9100
1525783598151,9099.99,9100
1525783602517,9099.99,9100
1525783604994,9099.99,9100
1525783609717,9099.99,9100
1525783613904,9099.99,9100
1525783617265,9099.99,9100
1525783620422,9099.99,9100
1525783625194,9099.99,9100
1525783627838,9099.99,9100
1525783632279,9099.99,9100
1525783636808,9099.99,9100
1525783640680,9099.99,9100
1525783644154,9099.99,9100
1525783647451,9099.99,9100
1525783652511,9099.99,9100
1525783655042,9099.99,9100
1525783659699,9099.99,9100
1525783663167,9099.99,9100
1525783666104,9104.54,9104.55
1525783670466,9104.54,9104.55
1525783673962,9104.54,9104.55
1525783677743,9104.54,9104.55
1525783681290,9104.54,9104.55
1525783681290,9104.54,9104.55
1525783691410,9105.45,9105.46
1525783694314,9105.45,9105.46
1525783698676,9105.45,9105.46
1525783701534,9105.45,9105.46
1525783706173,9105.45,9105.46
1525783709333,9105.45,9105.46
1525783712575,9105.45,9105.46
1525783716171,9105.45,9105.46
1525783720255,9105.45,9105.46
1525783723954,9105.45,9105.46
1525783728762,9105.45,9105.46
1525783731429,9105.45,9105.46
1525783735430,9106.36,9106.37
1525783738231,9107.27,9107.28
1525783743961,9109.99,9110
1525783746708,9109.99,9110
1525783750830,9110.18,9110.19
1525783754185,9110.18,9110.19
1525783758541,9110.18,9110.19
1525783761616,9110.18,9110.19
1525783765491,9112.73,9112.74
1525783769048,9113.64,9113.65
1525783773485,9117.53,9117.54
1525783777351,9117.53,9117.54
1525783781534,9118.2,9118.21
1525783785502,9118.2,9118.21
1525783789396,9119.98,9119.99
1525783793243,9120.03,9120.04
1525783796722,9120.03,9120.04
1525783800849,9120.03,9120.04
1525783803102,9120.03,9120.04
1525783806611,9120.03,9120.04
1525783810594,9120.03,9120.04
1525783815158,9124.99,9125
1525783817890,9128.99,9129
1525783821121,9128.99,9129
1525783826218,9129.37,9129.38
1525783828917,9129.37,9129.38
1525783833683,9129.37,9129.38
1525783836805,9129.37,9129.38
1525783840241,9129.99,9130
1525783844419,9129.99,9130
1525783847888,9129.99,9130
1525783851464,9129.99,9130
1525783855718,9129.99,9130
1525783859778,9129.99,9130
1525783861064,9129.99,9130
1525783866360,9129.99,9130
1525783870650,9129.99,9130
1525783873389,9129.99,9130
1525783878045,9129.99,9130
1525783882728,9129.99,9130
1525783886956,9129.99,9130
1525783890009,9129.99,9130
1525783893814,9129.99,9130
1525783896603,9129.99,9130
1525783899370,9129.99,9130
1525783903281,9129.99,9130
1525783908482,9129.99,9130
1525783912541,9127.49,9127.5
1525783916242,9122,9122.01
1525783919944,9111.2,9111.21
1525783921444,9111.2,9111.21
1525783927149,9111.2,9111.21
1525783930946,9111.2,9111.21
1525783935203,9111.2,9111.21
1525783938571,9111.2,9111.21
1525783942737,9111.2,9111.21
1525783946847,9111.2,9111.21
1525783948234,9112.11,9112.12
1525783954611,9112.11,9112.12
1525783957206,9112.11,9112.12
1525783961405,9115.76,9115.77
1525783965662,9115.76,9115.77
1525783968290,9115.76,9115.77
1525783972318,9115.76,9115.77
1525783976446,9117.58,9117.59
1525783979336,9118.49,9118.5
1525783982364,9118.49,9118.5
1525783986498,9119.99,9120
1525783990755,9119.99,9120
1525783995565,9119.99,9120
1525783998937,9119.99,9120
1525784003401,9119.99,9120
1525784006192,9119.99,9120
1525784010160,9119.99,9120
1525784012962,9119.99,9120
1525784017959,9119.99,9120
1525784021467,9119.99,9120
1525784025864,9119.99,9120
1525784030198,9119.99,9120
1525784032958,9119.99,9120
1525784037557,9119.99,9120
1525784040469,9119.99,9120
1525784041696,9119.99,9120
1525784048251,9119.99,9120
1525784052250,9119.99,9120
1525784056040,9119.99,9120
1525784058851,9119.99,9120
1525784062609,9119.99,9120
1525784066784,9119.99,9120
1525784070406,9119.99,9120
1525784074517,9119.99,9120
1525784078293,9119.99,9120
1525784081539,9119.99,9120
1525784085267,9119.99,9120
1525784089471,9119.99,9120
1525784093406,9120,9120.02
1525784098810,9125.46,9125.47
1525784100379,9127.29,9127.3
1525784105315,9128.2,9128.21
1525784109109,9128.2,9128.21
1525784113296,9129.11,9129.12
1525784117472,9129.11,9129.12
1525784120843,9129.11,9129.12
1525784124456,9129.98,9129.99
1525784128114,9129.98,9129.99
1525784131448,9129.99,9130
1525784134750,9129.99,9130
1525784138429,9129.99,9130
1525784142157,9129.99,9130
1525784142157,9129.99,9130
1525784149841,9130.99,9131
1525784153961,9130.99,9131
1525784156362,9131.84,9131.85
1525784160586,9131.84,9131.85
1525784165007,9131.84,9131.85
1525784168193,9131.84,9131.85
1525784173153,9131.84,9131.85
1525784174511,9131.84,9131.85
1525784180395,9131.84,9131.85
1525784181902,9131.84,9131.85
1525784187848,9131.84,9131.85
1525784192493,9131.84,9131.85
1525784196549,9131.84,9131.85
1525784199662,9131.84,9131.85
1525784204032,9131.84,9131.85
1525784207407,9131.84,9131.85
1525784210834,9131.84,9131.85
1525784214442,9131.84,9131.85
1525784218934,9131.84,9131.85
1525784222490,9131.84,9131.85
1525784225500,9131.84,9131.85
1525784229243,9131.84,9131.85
1525784232002,9131.84,9131.85
1525784236830,9131.84,9131.85
1525784239722,9131.84,9131.85
1525784243702,9131.84,9131.85
1525784246446,9131.84,9131.85
1525784250435,9131.84,9131.85
1525784254963,9131.84,9131.85
1525784257862,9131.5,9131.51
1525784261645,9130,9130.01
1525784265955,9129.99,9130
1525784270057,9129.99,9130
1525784273477,9129.99,9130
1525784276684,9123.4,9123.41
1525784281877,9123.4,9123.41
1525784285114,9123.4,9123.41
1525784289146,9123.4,9123.41
1525784293034,9123.4,9123.41
1525784295734,9123.4,9123.41
1525784300343,9123.4,9123.41
1525784304195,9123.4,9123.41
1525784308398,9123.4,9123.41
1525784312425,9123.4,9123.41
1525784316026,9123.4,9123.41
1525784319044,9123.4,9123.41
1525784323065,9123.4,9123.41
1525784326937,9123.4,9123.41
1525784331354,9123.4,9123.41
1525784335115,9123.4,9123.41
1525784337702,9123.4,9123.41
1525784342663,9123.4,9123.41
1525784345670,9123.4,9123.41
1525784348821,9123.4,9123.41
1525784352906,9123.4,9123.41
1525784356681,9123.4,9123.41
1525784359519,9123.4,9123.41
1525784365498,9123.4,9123.41
1525784367973,9123.4,9123.41
1525784372338,9123.4,9123.41
1525784375869,9123.4,9123.41
1525784378943,9123.4,9123.41
1525784383748,9123.4,9123.41
1525784386650,9123.4,9123.41
1525784391028,9123.4,9123.41
1525784395149,9123.4,9123.41
1525784398985,9123.4,9123.41
1525784400430,9123.4,9123.41
1525784405415,9123.4,9123.41
1525784409409,9123.4,9123.41
1525784413700,9123.4,9123.41
1525784417234,9123.4,9123.41
1525784421530,9123.4,9123.41
1525784425690,9123.4,9123.41
1525784428868,9123.4,9123.41
1525784432002,9123.4,9123.41
1525784436274,9123.4,9123.41
1525784440425,9123.4,9123.41
1525784444235,9123.4,9123.41
1525784448439,9123.4,9123.41
1525784450247,9123.4,9123.41
1525784455438,9123.4,9123.41
1525784458542,9123.4,9123.41
1525784463467,9123.4,9123.41
1525784467087,9123.4,9123.41
1525784469819,9123.4,9123.41
1525784474253,9123.4,9123.41
1525784477375,9123.4,9123.41
1525784481236,9123.4,9123.41
1525784485123,9123.4,9123.41
1525784488243,9123.4,9123.41
1525784492321,9123.4,9123.41
1525784496810,9123.4,9123.41
1525784500017,9123.4,9123.41
1525784504001,9123.4,9123.41
1525784507722,9123.4,9123.41
1525784510350,9123.4,9123.41
1525784514790,9123.4,9123.41
1525784518238,9123.4,9123.41
1525784521677,9123.4,9123.41
1525784525318,9123.4,9123.41
1525784529323,9123.4,9123.41
1525784533795,9123.4,9123.41
1525784538049,9123.4,9123.41
1525784541354,9123.4,9123.41
1525784544317,9123.4,9123.41
1525784548769,9123.4,9123.41
1525784552169,9123.4,9123.41
1525784556190,9123.4,9123.41
1525784559775,9123.4,9123.41
1525784563682,9123.4,9123.41
1525784575878,9123.4,9123.41
1525784579293,9123.4,9123.41
1525784584799,9123.4,9123.41
1525784599326,9124.31,9124.32
1525784602149,9124.31,9124.32
1525784606838,9124.31,9124.32
1525784610350,9124.31,9124.32
1525784613680,9124.31,9124.32
1525784618784,9124.31,9124.32
1525784621606,9124.31,9124.32
1525784625423,9124.31,9124.32
1525784628631,9124.31,9124.32
1525784633130,9124.31,9124.32
1525784637234,9124.31,9124.32
1525784640118,9124.31,9124.32
1525784640118,9124.31,9124.32
1525784648406,9124.31,9124.32
1525784653062,9124.31,9124.32
1525784656401,9124.31,9124.32
1525784660200,9124.31,9124.32
1525784664404,9124.31,9124.32
1525784667494,9124.31,9124.32
1525784671311,9125.22,9125.23
1525784674077,9125.22,9125.23
1525784678618,9125.22,9125.23
1525784681559,9125.22,9125.23
1525784686212,9125.22,9125.23
1525784689583,9125.22,9125.23
1525784694256,9125.22,9125.23
1525784697746,9125.22,9125.23
1525784700952,9129.62,9129.63
1525784705547,9130.54,9130.55
1525784710233,9133.28,9133.29
1525784713992,9134.19,9134.2
1525784717414,9134.19,9134.2
1525784722666,9135.99,9136
1525784726372,9135.99,9136
1525784729487,9136.01,9136.02
1525784733708,9136.03,9136.04
1525784736304,9136.03,9136.04
1525784740725,9139.42,9139.43
1525784744189,9145.17,9145.18
1525784747607,9145.18,9145.19
1525784752848,9145.18,9145.19
1525784756635,9145.18,9145.19
1525784758133,9145.18,9145.19
1525784763938,9145.18,9145.19
1525784767551,9145.18,9145.19
1525784771288,9145.18,9145.19
1525784775111,9145.18,9145.19
1525784779221,9145.18,9145.19
1525784782923,9146.78,9146.79
1525784786614,9146.78,9146.79
1525784790373,9146.78,9146.79
1525784793971,9146.78,9146.79
1525784797677,9146.78,9146.79
1525784801627,9146.78,9146.79
1525784805109,9146.78,9146.79
1525784806583,9146.78,9146.79
1525784813049,9146.78,9146.79
1525784816667,9146.78,9146.79
1525784821111,9146.78,9146.79
1525784823470,9146.78,9146.79
1525784825338,9146.78,9146.79
1525784825338,9146.78,9146.79
1525784825338,9146.78,9146.79
1525784825338,9146.78,9146.79
1525784872400,9147.99,9148
1525784875538,9147.99,9148
1525784880132,9147.99,9148
1525784883266,9147.99,9148
1525784885900,9149.99,9150
1525784892223,9149.99,9150
1525784895862,9150.99,9151
1525784899647,9150.99,9151
1525784903652,9151.44,9151.45
1525784907110,9151.44,9151.45
1525784910354,9151.44,9151.45
1525784915195,9151.44,9151.45
1525784917570,9151.44,9151.45
1525784921705,9151.44,9151.45
1525784928565,9151.44,9151.45
1525784932052,9151.44,9151.45
1525784935625,9151.44,9151.45
1525784939664,9151.44,9151.45
1525784943782,9151.44,9151.45
1525784947473,9151.44,9151.45
1525784951482,9151.44,9151.45
1525784954753,9151.44,9151.45
1525784957357,9151.44,9151.45
1525784963358,9151.44,9151.45
1525784965977,9151.44,9151.45
1525784970514,9151.44,9151.45
1525784974468,9151.44,9151.45
1525784977722,9151.44,9151.45
1525784980746,9151.44,9151.45
1525784985683,9151.44,9151.45
1525784989309,9151.44,9151.45
1525784993481,9151.44,9151.45
1525784997609,9151.44,9151.45
1525785002024,9151.44,9151.45
1525785005274,9151.44,9151.45
1525785008611,9151.44,9151.45
1525785013975,9151.44,9151.45
1525785016854,9151.44,9151.45
1525785020434,9151.44,9151.45
1525785024127,9151.44,9151.45
1525785026601,9151.44,9151.45
1525785032803,9151.44,9151.45
1525785035715,9151.44,9151.45
1525785040093,9151.44,9151.45
1525785044265,9151.44,9151.45
1525785045829,9151.44,9151.45
1525785053803,9151.44,9151.45
1525785056049,9151.44,9151.45
1525785061343,9151.44,9151.45
1525785063680,9151.44,9151.45
1525785068147,9151.44,9151.45
1525785073281,9151.44,9151.45
1525785074663,9151.44,9151.45
1525785079906,9151.44,9151.45
1525785084704,9151.44,9151.45
1525785088611,9151.44,9151.45
1525785092456,9151.44,9151.45
1525785095512,9151.44,9151.45
1525785098794,9151.44,9151.45
1525785103662,9151.44,9151.45
1525785107331,9151.44,9151.45
1525785110904,9151.44,9151.45
1525785114755,9151.44,9151.45
1525785118210,9151.44,9151.45
1525785120712,9151.44,9151.45
1525785125447,9151.44,9151.45
1525785129503,9151.44,9151.45
1525785132144,9151.44,9151.45
1525785135846,9151.44,9151.45
1525785139855,9151.44,9151.45
1525785143984,9151.44,9151.45
1525785147511,9151.44,9151.45
1525785149952,9151.44,9151.45
1525785155443,9151.44,9151.45
1525785159250,9151.46,9151.47
1525785162035,9151.46,9151.47
1525785165531,9151.46,9151.47
1525785170850,9152.36,9152.37
1525785172198,9153.99,9154
1525785176247,9153.99,9154
1525785181401,9153.99,9154
1525785184973,9153.99,9154
1525785189618,9153.99,9154
1525785192851,9153.99,9154
1525785196529,9153.99,9154
1525785199146,9153.99,9154
1525785203924,9153.99,9154
1525785208125,9153.99,9154
1525785211646,9153.99,9154
1525785215451,9153.99,9154
1525785218091,9153.99,9154
1525785240853,9157.99,9158
1525785246374,9157.99,9158
1525785246374,9157.99,9158
1525785254714,9157.99,9158
1525785259031,9157.99,9158
1525785263013,9157.99,9158
1525785267402,9157.99,9158
1525785271148,9157.99,9158
1525785274810,9157.99,9158
1525785277599,9157.99,9158
1525785281837,9157.99,9158
1525785285086,9157.99,9158
1525785289107,9157.99,9158
1525785292751,9157.99,9158
1525785296419,9157.99,9158
1525785299516,9157.99,9158
1525785302632,9157.99,9158
1525785306989,9157.99,9158
1525785311386,9157.99,9158
1525785314873,9157.99,9158
1525785319342,9157.99,9158
1525785322666,9157.87,9157.88
1525785326058,9157.87,9157.88
1525785328145,9157.87,9157.88
1525785333337,9157.8,9157.81
1525785336799,9155,9155.01
1525785340361,9155,9155.01
1525785345050,9154.64,9154.65
1525785348773,9154.64,9154.65
1525785352522,9154.64,9154.65
1525785356290,9154.64,9154.65
1525785358951,9154.64,9154.65
1525785361912,9153.9,9153.91
1525785367609,9153.9,9153.91
1525785369916,9153.9,9153.91
1525785373735,9153.9,9153.91
1525785379996,9153.9,9153.91
1525785383766,9153.9,9153.91
1525785386463,9153.9,9153.91
1525785391104,9153.9,9153.91
1525785394564,9153.9,9153.91
1525785397912,9153.9,9153.91
1525785401603,9153.9,9153.91
1525785405629,9153.9,9153.91
1525785408850,9153.9,9153.91
1525785412129,9153.9,9153.91
1525785417344,9153.9,9153.91
1525785420323,9153.9,9153.91
1525785424577,9153.9,9153.91
1525785427839,9153.9,9153.91
1525785431144,9153.9,9153.91
1525785437086,9153.9,9153.91
1525785441307,9153.9,9153.91
1525785447443,9150,9150.01
1525785454081,9150,9150.01
1525785457426,9150,9150.01
1525785462753,9150,9150.01
1525785468162,9150,9150.01
1525785472927,9150,9150.01
1525785475793,9150,9150.01
1525785480148,9150,9150.01
1525785481384,9150,9150.01
1525785488738,9150,9150.01
1525785492442,9150,9150.01
1525785496439,9150,9150.01
1525785501039,9150,9150.01
1525785504943,9150,9150.01
1525785508828,9149.99,9150
1525785512506,9149.99,9150
1525785515857,9149.99,9150
1525785521219,9148.77,9148.78
1525785528377,9148.77,9148.78
1525785532149,9148.77,9148.78
1525785534340,9148.77,9148.78
1525785540138,9148.77,9148.78
1525785542210,9148.77,9148.78
1525785547737,9148.77,9148.78
1525785551608,9148.77,9148.78
1525785555020,9148.77,9148.78
1525785561759,9148.77,9148.78
1525785566192,9148.77,9148.78
1525785569867,9148.77,9148.78
1525785572817,9148.77,9148.78
1525785578157,9148.77,9148.78
1525785581459,9148.77,9148.78
1525785585229,9148.77,9148.78
1525785590752,9148.77,9148.78
1525785594338,9148.77,9148.78
1525785598365,9148.77,9148.78
1525785602262,9148.77,9148.78
1525785605501,9148.77,9148.78
1525785608952,9148.77,9148.78
1525785612516,9148.77,9148.78
1525785616178,9148.77,9148.78
1525785620229,9148.77,9148.78
1525785622602,9148.77,9148.78
1525785628354,9148.77,9148.78
1525785635578,9148.77,9148.78
1525785639983,9148.77,9148.78
1525785643801,9148.77,9148.78
1525785647418,9148.77,9148.78
1525785651197,9148.77,9148.78
1525785655664,9148.77,9148.78
1525785659256,9148.77,9148.78
1525785659256,9148.77,9148.78
1525785667307,9145.7,9145.71
1525785671249,9145.7,9145.71
1525785674953,9145.7,9145.71
1525785678418,9145.7,9145.71
1525785681412,9145.7,9145.71
1525785685169,9145.7,9145.71
1525785689346,9145.7,9145.71
1525785690495,9145.18,9145.19
1525785697162,9140.86,9140.87
1525785699422,9140.86,9140.87
1525785703854,9140.86,9140.87
1525785707161,9135.3,9135.31
1525785711446,9135.3,9135.31
1525785714618,9135.3,9135.31
1525785718757,9135.3,9135.31
1525785722313,9135.3,9135.31
1525785723774,9135.3,9135.31
1525785729804,9135.3,9135.31
1525785733872,9135.3,9135.31
1525785740066,9135.3,9135.31
1525785744710,9135.3,9135.31
1525785747390,9135.3,9135.31
1525785751722,9135.3,9135.31
1525785755311,9135.3,9135.31
1525785758715,9135.3,9135.31
1525785763110,9135.3,9135.31
1525785767182,9135.3,9135.31
1525785769762,9135.3,9135.31
1525785774030,9135.3,9135.31
1525785777214,9135.3,9135.31
1525785780486,9135.3,9135.31
1525785785034,9135.3,9135.31
1525785788288,9135.3,9135.31
1525785792879,9135.3,9135.31
1525785795269,9135.3,9135.31
1525785799893,9135.3,9135.31
1525785803805,9135.3,9135.31
1525785807204,9135.3,9135.31
1525785811383,9135.3,9135.31
1525785814185,9135.3,9135.31
1525785818390,9135.3,9135.31
1525785822326,9135.3,9135.31
1525785825737,9135.3,9135.31
1525785829611,9135.3,9135.31
1525785831865,9135.3,9135.31
1525785837434,9135.3,9135.31
1525785841218,9135.3,9135.31
1525785843499,9135.3,9135.31
1525785847984,9135.3,9135.31
1525785851170,9135.3,9135.31
1525785855476,9135.3,9135.31
1525785858548,9135.3,9135.31
1525785863356,9135.3,9135.31
1525785867825,9135.3,9135.31
1525785870557,9135.3,9135.31
1525785874715,9135.3,9135.31
1525785877132,9135.3,9135.31
1525785880721,9135.3,9135.31
1525785885366,9135.3,9135.31
1525785890041,9135.3,9135.31
1525785893506,9135.3,9135.31
1525785894732,9135.3,9135.31
1525785900663,9135.3,9135.31
1525785902303,9135.3,9135.31
1525785908143,9135.3,9135.31
1525785911422,9135.3,9135.31
1525785915571,9135.3,9135.31
1525785919805,9135.3,9135.31
1525785923329,9135.3,9135.31
1525785926193,9135.3,9135.31
1525785930084,9127.27,9127.28
1525785933770,9127.27,9127.28
1525785937314,9127.27,9127.28
1525785941748,9127.27,9127.28
1525785945213,9127.27,9127.28
1525785948954,9127.27,9127.28
1525785953048,9127.27,9127.28
1525785956165,9127.27,9127.28
1525785959141,9127.27,9127.28
1525785961966,9127.27,9127.28
1525785967467,9127.27,9127.28
1525785971435,9116.59,9116.6
1525785975447,9116.59,9116.6
1525785978890,9116.59,9116.6
1525785982043,9116.59,9116.6
1525785986490,9116.59,9116.6
1525785989153,9116.59,9116.6
1525785994301,9116.59,9116.6
1525785996602,9116.59,9116.6
1525786001552,9116.59,9116.6
1525786004077,9116.59,9116.6
1525786010006,9116.59,9116.6
1525786012666,9116.59,9116.6
1525786017377,9116.59,9116.6
1525786021099,9116.59,9116.6
1525786024587,9116.59,9116.6
1525786028190,9116.59,9116.6
1525786033103,9116.59,9116.6
1525786036989,9116.59,9116.6
1525786039470,9116.59,9116.6
1525786043176,9116.59,9116.6
1525786048558,9116.59,9116.6
1525786053346,9116.59,9116.6
1525786057325,9116.59,9116.6
1525786060950,9116.59,9116.6
1525786064541,9116.59,9116.6
1525786068319,9116.59,9116.6
1525786072249,9116.59,9116.6
1525786075185,9116.59,9116.6
1525786077904,9116.59,9116.6
1525786081521,9116.59,9116.6
1525786086462,9116.59,9116.6
1525786090558,9116.59,9116.6
1525786093896,9116.59,9116.6
1525786097462,9116.59,9116.6
1525786100597,9116.59,9116.6
1525786105462,9116.59,9116.6
1525786109445,9116.59,9116.6
1525786112667,9116.59,9116.6
1525786115488,9116.59,9116.6
1525786120177,9116.59,9116.6
1525786123823,9116.59,9116.6
1525786127870,9116.59,9116.6
1525786131639,9116.59,9116.6
1525786134656,9116.59,9116.6
1525786138118,9116.59,9116.6
1525786141965,9116.59,9116.6
1525786145334,9116.59,9116.6
1525786149517,9116.59,9116.6
1525786158366,9116.59,9116.6
1525786164288,9116.59,9116.6
1525786171171,9116.59,9116.6
1525786175290,9116.59,9116.6
1525786178528,9116.59,9116.6
1525786183368,9114.9,9114.91
1525786187833,9114.9,9114.91
1525786191913,9114.9,9114.91
1525786195794,9114.9,9114.91
1525786199682,9114.9,9114.91
1525786202476,9114.9,9114.91
1525786205854,9114.9,9114.91
1525786210233,9114.9,9114.91
1525786214134,9114.9,9114.91
1525786218174,9114.9,9114.91
1525786222103,9114.89,9114.9
1525786225846,9114.89,9114.9
1525786229319,9114.89,9114.9
1525786233318,9114.89,9114.9
1525786238110,9114.89,9114.9
1525786242041,9114.89,9114.9
1525786245901,9114.89,9114.9
1525786248181,9114.89,9114.9
1525786253315,9114.89,9114.9
1525786253315,9114.89,9114.9
1525786260390,9114.89,9114.9
1525786263870,9114.89,9114.9
1525786267584,9114.89,9114.9
1525786270298,9113.2,9113.21
1525786274511,9113.2,9113.21
1525786278575,9113.2,9113.21
1525786282925,9113.2,9113.21
1525786286247,9113.2,9113.21
1525786291294,9113.2,9113.21
1525786294809,9109,9109.01
1525786299166,9108.55,9108.56
1525786302276,9108.55,9108.56
1525786304655,9108.55,9108.56
1525786310207,9108.55,9108.56
1525786314264,9108.55,9108.56
1525786317707,9108.55,9108.56
1525786320675,9106.43,9106.44
1525786325318,9105,9105.01
1525786328867,9105,9105.01
1525786332387,9105,9105.01
1525786337469,9105,9105.01
1525786340577,9105,9105.01
1525786344922,9093.17,9093.18
1525786348773,9093.17,9093.18
1525786352164,9093.17,9093.18
1525786355591,9093.17,9093.18
1525786358957,9093.17,9093.18
1525786363684,9093.17,9093.18
1525786367102,9093.17,9093.18
1525786370560,9093.17,9093.18
1525786374940,9093.17,9093.18
1525786379651,9093.17,9093.18
1525786383042,9093.17,9093.18
1525786386943,9093.17,9093.18
1525786389297,9093.17,9093.18
1525786394534,9093.17,9093.18
1525786397816,9093.17,9093.18
1525786402614,9098.45,9098.46
1525786404875,9098.45,9098.46
1525786409505,9098.45,9098.46
1525786413572,9098.45,9098.46
1525786417216,9098.45,9098.46
1525786420593,9099.99,9100
1525786425514,9099.99,9100
1525786428330,9099.99,9100
1525786432659,9100,9100.01
1525786436323,9100,9100.01
1525786440087,9100.27,9100.28
1525786442850,9100.27,9100.28
1525786446800,9103,9103.01
1525786451415,9104.4,9104.41
1525786454456,9104.82,9104.83
1525786458326,9104.82,9104.83
1525786462714,9104.82,9104.83
1525786465237,9104.82,9104.83
1525786469434,9104.82,9104.83
1525786473942,9104.82,9104.83
1525786476734,9104.82,9104.83
1525786482037,9104.82,9104.83
1525786484746,9104.82,9104.83
1525786488676,9104.82,9104.83
1525786492946,9104.82,9104.83
1525786496444,9104.82,9104.83
1525786499995,9104.82,9104.83
1525786501453,9104.82,9104.83
1525786506665,9104.82,9104.83
1525786511268,9106.64,9106.65
1525786514482,9106.64,9106.65
1525786518062,9106.64,9106.65
1525786522677,9106.64,9106.65
1525786526188,9106.64,9106.65
1525786529829,9106.64,9106.65
1525786532613,9109.99,9110
1525786536975,9109.99,9110
1525786541021,9109.99,9110
1525786542306,9109.99,9110
1525786547753,9109.99,9110
1525786552036,9109.99,9110
1525786556430,9109.99,9110
1525786559062,9109.99,9110
1525786563907,9109.99,9110
1525786566978,9109.99,9110
1525786571521,9111.37,9111.38
1525786575239,9111.37,9111.38
1525786577986,9111.37,9111.38
1525786580077,9111.37,9111.38
1525786585122,9111.37,9111.38
1525786590015,9111.37,9111.38
1525786593043,9111.37,9111.38
1525786597755,9111.37,9111.38
1525786600494,9111.37,9111.38
1525786603794,9111.37,9111.38
1525786608681,9111.37,9111.38
1525786612746,9111.37,9111.38
1525786614985,9111.37,9111.38
1525786619143,9111.37,9111.38
1525786623072,9111.37,9111.38
1525786627054,9111.37,9111.38
1525786631119,9111.37,9111.38
1525786634738,9111.37,9111.38
1525786638636,9111.37,9111.38
1525786642774,9112.28,9112.29
1525786645257,9112.28,9112.29
1525786649913,9112.28,9112.29
1525786655224,9112.28,9112.29
1525786658927,9112.28,9112.29
1525786661647,9112.28,9112.29
1525786665588,9112.28,9112.29
1525786671950,9112.28,9112.29
1525786675413,9112.28,9112.29
1525786680248,9112.28,9112.29
1525786684398,9112.28,9112.29
1525786690050,9112.28,9112.29
1525786693570,9112.28,9112.29
1525786702436,9112.72,9112.73
1525786707347,9117.99,9118
1525786711498,9117.99,9118
1525786715202,9117.99,9118
1525786718994,9117.99,9118
1525786723863,9117.99,9118
1525786727674,9117.99,9118
1525786731106,9117.99,9118
1525786733325,9117.99,9118
1525786738787,9117.99,9118
1525786741857,9117.99,9118
1525786746116,9117.99,9118
1525786749894,9117.99,9118
1525786753790,9117.99,9118
1525786757054,9117.99,9118
1525786761203,9117.99,9118
1525786764989,9117.99,9118
1525786768579,9117.99,9118
1525786768579,9117.99,9118
1525786775928,9117.99,9118
1525786780138,9117.99,9118
1525786783433,9117.99,9118
1525786786422,9117.99,9118
1525786790623,9117.99,9118
1525786797241,9117.99,9118
1525786801206,9117.99,9118
1525786805815,9117.99,9118
1525786807670,9117.99,9118
1525786812246,9117.99,9118
1525786817966,9117.99,9118
1525786823365,9117.99,9118
1525786827269,9117.99,9118
1525786829839,9117.99,9118
1525786833302,9117.99,9118
1525786837486,9118.89,9118.9
1525786840386,9118.89,9118.9
1525786845310,9119.48,9119.49
1525786849428,9119.48,9119.49
1525786852646,9119.48,9119.49
1525786855104,9119.48,9119.49
1525786859854,9119.8,9119.81
1525786862944,9119.8,9119.81
1525786866655,9119.8,9119.81
1525786870423,9119.8,9119.81
1525786873743,9119.8,9119.81
1525786877561,9119.8,9119.81
1525786881773,9119.8,9119.81
1525786885842,9119.99,9120
1525786888702,9119.99,9120
1525786893021,9119.99,9120
1525786897328,9119.99,9120
1525786899685,9119.99,9120
1525786902875,9126.19,9126.2
1525786907421,9126.19,9126.2
1525786911239,9126.19,9126.2
1525786914010,9126.19,9126.2
1525786917632,9126.19,9126.2
1525786922462,9126.19,9126.2
1525786925419,9126.19,9126.2
1525786929804,9126.19,9126.2
1525786935463,9126.19,9126.2
1525786938663,9126.19,9126.2
1525786943868,9127.1,9127.11
1525786947261,9127.1,9127.11
1525786951151,9127.1,9127.11
1525786956205,9127.1,9127.11
1525786960184,9127.1,9127.11
1525786964011,9127.1,9127.11
1525786967582,9127.1,9127.11
1525786971269,9127.1,9127.11
1525786974782,9127.1,9127.11
1525786991306,9127.1,9127.11
1525786995258,9127.1,9127.11
1525786998767,9127.1,9127.11
1525787004391,9127.1,9127.11
1525787011051,9127.1,9127.11
1525787014797,9127.1,9127.11
1525787018943,9126.19,9126.2
1525787021749,9126.19,9126.2
1525787024836,9126.19,9126.2
1525787029659,9126.19,9126.2
1525787029659,9126.19,9126.2
1525787036871,9123.69,9123.7
1525787040935,9123.69,9123.7
1525787045197,9123.69,9123.7
1525787047062,9123.69,9123.7
1525787051454,9123.69,9123.7
1525787056450,9123.69,9123.7
1525787058800,9123.69,9123.7
1525787063935,9123.69,9123.7
1525787066599,9123.69,9123.7
1525787071547,9123.69,9123.7
1525787074231,9123.69,9123.7
1525787079123,9123.69,9123.7
1525787089234,9123.69,9123.7
1525787093957,9123.69,9123.7
1525787101078,9123.69,9123.7
1525787105134,9123.69,9123.7
1525787110318,9123.69,9123.7
1525787114910,9123.69,9123.7
1525787126040,9123.69,9123.7
1525787127945,9123.69,9123.7
1525787127945,9123.69,9123.7
1525787136581,9123.69,9123.7
1525787139419,9123.69,9123.7
1525787144631,9123.69,9123.7
1525787148998,9123.69,9123.7
1525787152630,9123.69,9123.7
1525787156008,9123.69,9123.7
1525787159796,9123.69,9123.7
1525787163041,9123.69,9123.7
1525787165492,9123.69,9123.7
1525787171360,9123.69,9123.7
1525787173540,9123.69,9123.7
1525787178068,9123.69,9123.7
1525787182167,9123.69,9123.7
1525787185362,9123.69,9123.7
1525787189593,9123.69,9123.7
1525787192228,9123.69,9123.7
1525787197264,9123.69,9123.7
1525787200934,9123.69,9123.7
1525787205590,9123.69,9123.7
1525787206725,9123.69,9123.7
1525787212765,9123.69,9123.7
1525787215490,9123.69,9123.7
1525787220428,9123.69,9123.7
1525787222702,9123.69,9123.7
1525787227750,9123.69,9123.7
1525787232383,9123.69,9123.7
1525787235926,9123.69,9123.7
1525787240705,9123.69,9123.7
1525787244204,9123.69,9123.7
1525787247987,9123.69,9123.7
1525787251362,9123.69,9123.7
1525787254366,9123.69,9123.7
1525787259003,9123.69,9123.7
1525787262695,9123.69,9123.7
1525787267488,9123.69,9123.7
1525787270919,9123.69,9123.7
1525787274357,9123.69,9123.7
1525787277867,9123.69,9123.7
1525787283598,9123.69,9123.7
1525787285994,9123.69,9123.7
1525787290463,9123.69,9123.7
1525787294333,9123.69,9123.7
1525787297738,9123.69,9123.7
1525787302455,9123.69,9123.7
1525787304838,9123.69,9123.7
1525787309626,9123.69,9123.7
1525787313635,9123.69,9123.7
1525787316076,9123.69,9123.7
1525787320247,9123.69,9123.7
1525787324302,9123.69,9123.7
1525787328158,9123.69,9123.7
1525787331940,9123.69,9123.7
1525787335033,9123.69,9123.7
1525787338748,9123.69,9123.7
1525787342609,9123.69,9123.7
1525787347463,9123.69,9123.7
1525787352670,9123.69,9123.7
1525787356403,9123.69,9123.7
1525787360158,9123.69,9123.7
1525787363637,9123.69,9123.7
1525787367647,9123.69,9123.7
1525787371188,9123.69,9123.7
1525787374670,9123.69,9123.7
1525787378568,9123.69,9123.7
1525787381041,9123.69,9123.7
1525787386123,9123.69,9123.7
1525787389720,9123.69,9123.7
1525787393229,9123.69,9123.7
1525787396473,9123.69,9123.7
1525787400471,9123.69,9123.7
1525787403012,9123.69,9123.7
1525787407442,9123.69,9123.7
1525787411609,9123.69,9123.7
1525787415904,9123.69,9123.7
1525787418358,9123.69,9123.7
1525787422647,9123.69,9123.7
1525787425520,9123.69,9123.7
1525787430314,9123.69,9123.7
1525787435982,9123.69,9123.7
1525787439655,9123.69,9123.7
1525787443438,9123.69,9123.7
1525787446863,9123.69,9123.7
1525787450186,9123.69,9123.7
1525787453589,9123.69,9123.7
1525787457108,9118.25,9118.26
1525787459656,9117.99,9118
1525787468956,9117.99,9118
1525787472769,9117.99,9118
1525787476286,9117.99,9118
1525787479791,9117.99,9118
1525787483598,9117.99,9118
1525787488307,9117.99,9118
1525787491002,9117.99,9118
1525787494587,9117.99,9118
1525787499030,9117.99,9118
1525787501566,9113,9113.01
1525787505343,9113,9113.01
1525787509854,9113,9113.01
1525787513986,9113,9113.01
1525787517584,9113,9113.01
1525787522167,9113,9113.01
1525787525207,9113,9113.01
1525787528594,9113,9113.01
1525787533451,9113,9113.01
1525787537054,9113,9113.01
1525787540545,9113,9113.01
1525787544343,9113,9113.01
1525787544343,9113,9113.01
1525787551935,9113,9113.01
1525787554744,9113,9113.01
1525787559341,9113,9113.01
1525787563218,9113,9113.01
1525787567396,9113,9113.01
1525787569659,9113,9113.01
1525787574025,9113,9113.01
1525787577831,9113,9113.01
1525787582288,9113,9113.01
1525787585698,9113,9113.01
1525787590443,9113,9113.01
1525787593774,9113,9113.01
1525787597708,9113,9113.01
1525787602184,9113,9113.01
1525787605170,9113,9113.01
1525787608742,9113,9113.01
1525787612626,9113,9113.01
1525787617174,9113,9113.01
1525787620904,9113,9113.01
1525787624667,9113,9113.01
1525787629815,9113,9113.01
1525787633319,9113,9113.01
1525787636450,9113,9113.01
1525787639350,9113,9113.01
1525787644680,9113,9113.01
1525787647239,9113,9113.01
1525787651223,9113,9113.01
1525787655135,9113,9113.01
1525787659600,9113,9113.01
1525787663005,9113,9113.01
1525787667689,9113,9113.01
1525787671050,9113,9113.01
1525787674432,9113,9113.01
1525787677815,9113,9113.01
1525787681863,9113,9113.01
1525787686315,9113,9113.01
1525787690066,9113,9113.01
1525787693679,9113,9113.01
1525787697087,9113,9113.01
1525787700454,9113,9113.01
1525787705283,9113,9113.01
1525787709139,9113,9113.01
1525787712950,9113,9113.01
1525787716690,9113,9113.01
1525787721325,9113,9113.01
1525787724922,9113,9113.01
1525787728834,9113,9113.01
1525787731990,9113,9113.01
1525787736437,9113,9113.01
1525787740583,9113,9113.01
1525787744070,9113,9113.01
1525787748502,9113,9113.01
1525787750139,9113,9113.01
1525787756591,9113,9113.01
1525787760000,9113,9113.01
1525787763877,9113,9113.01
1525787766692,9113,9113.01
1525787770284,9113,9113.01
1525787774939,9113,9113.01
1525787778890,9113,9113.01
1525787782848,9113,9113.01
1525787785310,9113,9113.01
1525787790287,9113,9113.01
1525787793939,9113,9113.01
1525787798732,9113,9113.01
1525787802646,9113,9113.01
1525787805522,9113,9113.01
1525787809715,9113,9113.01
1525787813744,9113,9113.01
1525787817689,9113,9113.01
1525787821425,9113,9113.01
1525787826509,9113,9113.01
1525787829959,9113,9113.01
1525787834031,9113,9113.01
1525787838188,9113,9113.01
1525787840962,9112.29,9112.3
1525787845346,9112.29,9112.3
1525787848801,9112.29,9112.3
1525787853451,9112.29,9112.3
1525787857992,9112.29,9112.3
1525787861023,9112.29,9112.3
1525787865857,9112.29,9112.3
1525787870170,9112.29,9112.3
1525787874091,9112.29,9112.3
1525787877998,9112.29,9112.3
1525787881283,9113,9113.01
1525787887615,9112.29,9112.3
1525787891837,9112.29,9112.3
1525787894525,9112.29,9112.3
1525787899736,9112.29,9112.3
1525787903033,9112.29,9112.3
1525787906465,9112.29,9112.3
1525787911266,9112.29,9112.3
1525787915394,9112.29,9112.3
1525787920304,9112.29,9112.3
1525787927250,9112.28,9112.29
1525787934331,9112.28,9112.29
1525787937541,9112.28,9112.29
1525787943830,9112.28,9112.29
1525787946863,9112.28,9112.29
1525787951623,9112.28,9112.29
1525787955891,9112.28,9112.29
1525787960173,9112.28,9112.29
1525787964439,9112.99,9113
1525787966410,9112.99,9113
1525787971409,9112.99,9113
1525787974423,9112.99,9113
1525787979365,9112.99,9113
1525787982434,9112.99,9113
1525787986549,9112.99,9113
1525787990378,9112.99,9113
1525787995688,9112.99,9113
1525787999413,9112.99,9113
1525788003350,9112.99,9113
1525788006722,9112.28,9112.29
1525788011173,9112.28,9112.29
1525788013979,9112.28,9112.29
1525788018062,9112.28,9112.29
1525788022347,9111.18,9111.19
1525788025114,9111.18,9111.19
1525788030054,9111.18,9111.19
1525788032995,9111.18,9111.19
1525788037311,9111.18,9111.19
1525788041378,9111.18,9111.19
1525788045603,9111.18,9111.19
1525788048422,9111.18,9111.19
1525788054368,9111.18,9111.19
1525788057085,9111.18,9111.19
1525788060544,9111.18,9111.19
1525788064546,9111.19,9111.2
1525788067938,9111.19,9111.2
1525788073351,9111.19,9111.2
1525788075998,9111.19,9111.2
1525788080236,9111.19,9111.2
1525788083699,9111.19,9111.2
1525788086444,9111.19,9111.2
1525788091828,9111.19,9111.2
1525788095726,9111.19,9111.2
1525788098022,9111.19,9111.2
1525788102253,9111.19,9111.2
1525788106740,9111.19,9111.2
1525788109837,9111.19,9111.2
1525788113260,9111.19,9111.2
1525788117588,9111.19,9111.2
1525788121673,9111.19,9111.2
1525788123473,9111.19,9111.2
1525788128220,9111.19,9111.2
1525788132776,9111.19,9111.2
1525788136130,9111.19,9111.2
1525788139738,9111.19,9111.2
1525788144748,9111.19,9111.2
1525788148313,9111.19,9111.2
1525788149717,9111.19,9111.2
1525788154855,9111.19,9111.2
1525788158475,9111.19,9111.2
1525788162982,9111.19,9111.2
1525788166507,9111.19,9111.2
1525788169253,9112.1,9112.11
1525788174257,9113.9,9113.91
1525788178991,9113.92,9113.93
1525788181654,9113.92,9113.93
1525788186404,9114.81,9114.82
1525788189499,9114.81,9114.82
1525788192950,9114.99,9115
1525788197306,9115.72,9115.73
1525788201090,9117.54,9117.55
1525788205018,9117.54,9117.55
1525788208067,9117.54,9117.55
1525788212641,9117.54,9117.55
1525788215686,9118.45,9118.46
1525788220888,9118.99,9119
1525788225196,9118.99,9119
1525788228095,9118.99,9119
1525788231530,9118.99,9119
1525788237053,9118.99,9119
1525788243252,9118.99,9119
1525788247790,9118.99,9119
1525788248995,9118.99,9119
1525788254840,9118.99,9119
1525788259334,9118.99,9119
1525788263351,9118.99,9119
1525788267135,9118.99,9119
1525788268329,9118.99,9119
1525788275629,9118.99,9119
1525788277838,9118.99,9119
1525788282893,9118.99,9119
1525788287883,9119.36,9119.37
1525788291656,9119.36,9119.37
1525788295497,9119.36,9119.37
1525788300091,9119.36,9119.37
1525788301960,9119.36,9119.37
1525788308102,9119.99,9120
1525788311043,9119.99,9120
1525788315824,9119.99,9120
1525788318491,9119.99,9120
1525788323130,9119.99,9120
1525788325841,9119.99,9120
1525788330714,9123.69,9123.7
1525788334396,9123.69,9123.7
1525788337970,9123.69,9123.7
1525788343602,9129.99,9130
1525788346975,9129.99,9130
1525788351501,9129.99,9130
1525788354493,9129.99,9130
1525788360444,9129.99,9130
1525788364621,9129.99,9130
1525788367709,9129.99,9130
1525788370702,9129.99,9130
1525788375133,9129.99,9130
1525788378949,9129.99,9130
1525788382553,9129.99,9130
1525788386029,9129.99,9130
1525788386029,9129.99,9130
1525788394545,9129.99,9130
1525788396875,9129.99,9130
1525788401591,9129.99,9130
1525788404549,9129.99,9130
1525788407985,9129.99,9130
1525788413170,9129.99,9130
1525788415668,9129.99,9130
1525788420333,9129.99,9130
1525788423812,9129.99,9130
1525788428369,9129.99,9130
1525788431083,9129.99,9130
1525788436650,9129.99,9130
1525788441584,9129.99,9130
1525788444958,9129.99,9130
1525788448730,9129.99,9130
1525788452628,9129.99,9130
1525788457027,9129.99,9130
1525788461650,9129.99,9130
1525788464938,9129.99,9130
1525788468704,9129.99,9130
1525788473361,9129.99,9130
1525788476782,9129.99,9130
1525788478286,9129.99,9130
1525788484314,9129.99,9130
1525788488020,9129.99,9130
1525788491073,9132.24,9132.25
1525788495440,9132.24,9132.25
1525788499260,9132.24,9132.25
1525788502485,9132.24,9132.25
1525788505331,9132.24,9132.25
1525788509780,9132.24,9132.25
1525788509780,9132.24,9132.25
1525788518151,9132.24,9132.25
1525788521934,9132.24,9132.25
1525788525596,9132.24,9132.25
1525788530044,9132.24,9132.25
1525788535384,9132.24,9132.25
1525788540000,9132.24,9132.25
1525788541380,9132.24,9132.25
1525788549309,9132.24,9132.25
1525788553480,9132.24,9132.25
1525788557960,9132.24,9132.25
1525788564206,9132.24,9132.25
1525788572267,9132.24,9132.25
1525788575217,9132.24,9132.25
1525788582580,9132.24,9132.25
1525788589629,9132.24,9132.25
1525788593395,9132.24,9132.25
1525788597980,9134.69,9134.7
1525788601663,9134.69,9134.7
1525788605677,9134.69,9134.7
1525788609906,9134.69,9134.7
1525788613649,9134.69,9134.7
1525788618170,9134.69,9134.7
1525788620851,9134.69,9134.7
1525788624587,9134.69,9134.7
1525788628644,9134.69,9134.7
1525788632413,9134.69,9134.7
1525788637134,9134.69,9134.7
1525788640445,9134.69,9134.7
1525788644161,9134.69,9134.7
1525788648543,9134.69,9134.7
1525788652373,9134.69,9134.7
1525788655938,9134.69,9134.7
1525788659753,9134.69,9134.7
1525788662111,9134.69,9134.7
1525788667456,9134.69,9134.7
1525788669656,9134.69,9134.7
1525788674042,9134.69,9134.7
1525788677538,9134.69,9134.7
1525788682805,9134.69,9134.7
1525788686049,9134.69,9134.7
1525788690886,9134.69,9134.7
1525788694296,9134.69,9134.7
1525788697802,9134.69,9134.7
1525788702240,9134.69,9134.7
1525788705941,9134.69,9134.7
1525788708049,9134.69,9134.7
1525788712125,9134.69,9134.7
1525788715018,9134.69,9134.7
1525788715018,9134.69,9134.7
1525788715018,9134.69,9134.7
1525788715018,9134.69,9134.7
1525788715018,9134.69,9134.7
1525788715018,9134.69,9134.7
1525788715018,9134.69,9134.7
1525788715018,9134.69,9134.7
1525788715018,9134.69,9134.7
1525788772222,9134.69,9134.7
1525788777926,9134.69,9134.7
1525788782891,9134.69,9134.7
1525788786060,9134.69,9134.7
1525788788704,9134.69,9134.7
1525788793464,9134.69,9134.7
1525788797178,9134.69,9134.7
1525788798629,9134.69,9134.7
1525788805405,9134.69,9134.7
1525788809651,9134.69,9134.7
1525788813242,9134.69,9134.7
1525788816625,9134.69,9134.7
1525788821203,9134.69,9134.7
1525788825492,9134.69,9134.7
1525788828004,9134.69,9134.7
1525788832974,9134.69,9134.7
1525788837502,9134.69,9134.7
1525788840896,9134.69,9134.7
1525788843961,9134.69,9134.7
1525788847607,9134.69,9134.7
1525788851238,9134.69,9134.7
1525788853778,9134.69,9134.7
1525788859454,9134.69,9134.7
1525788864053,9134.69,9134.7
1525788867521,9134.69,9134.7
1525788871283,9134.69,9134.7
1525788874114,9134.69,9134.7
1525788878743,9134.69,9134.7
1525788881609,9134.69,9134.7
1525788885564,9134.69,9134.7
1525788889945,9134.69,9134.7
1525788893714,9134.69,9134.7
1525788898126,9134.69,9134.7
1525788900768,9134.69,9134.7
1525788906782,9134.69,9134.7
1525788909654,9134.69,9134.7
1525788913062,9134.69,9134.7
1525788917876,9134.69,9134.7
1525788921565,9134.69,9134.7
1525788924124,9134.69,9134.7
1525788929862,9134.69,9134.7
1525788934217,9134.69,9134.7
1525788940946,9134.69,9134.7
1525788945722,9134.69,9134.7
1525788950344,9134.69,9134.7
1525788954020,9134.69,9134.7
1525788959313,9134.69,9134.7
1525788963616,9134.69,9134.7
1525788966768,9134.69,9134.7
1525788970978,9134.69,9134.7
1525788975723,9134.69,9134.7
1525788982107,9134.69,9134.7
1525788987393,9134.69,9134.7
1525788994058,9134.69,9134.7
1525789001536,9134.69,9134.7
1525789007698,9134.69,9134.7
1525789022693,9134.69,9134.7
1525789027936,9131.3,9131.31
1525789032029,9131.29,9131.3
1525789036382,9131.29,9131.3
1525789041048,9131.29,9131.3
1525789045026,9131.29,9131.3
1525789050938,9129.99,9130
1525789079283,9129.99,9130
1525789083212,9129.99,9130
1525789087024,9129.99,9130
1525789087024,9129.99,9130
1525789094586,9129.99,9130
1525789101286,9129.99,9130
1525789105371,9129.99,9130
1525789108774,9129.99,9130
1525789112594,9129.99,9130
1525789116484,9129.99,9130
1525789119752,9129.99,9130
1525789122983,9129.99,9130
1525789126849,9129.99,9130
1525789130563,9129.99,9130
1525789134351,9129.99,9130
1525789137611,9129.99,9130
1525789142173,9129.99,9130
1525789147636,9129.99,9130
1525789150458,9129.99,9130
1525789153778,9129.99,9130
1525789158422,9129.99,9130
1525789162828,9129.99,9130
1525789166658,9129.99,9130
1525789170085,9129.99,9130
1525789173818,9129.99,9130
1525789176242,9129.99,9130
1525789181325,9129.99,9130
1525789183212,9129.99,9130
1525789190416,9129.99,9130
1525789193770,9129.99,9130
1525789196171,9129.99,9130
1525789201386,9129.99,9130
1525789206670,9129.99,9130
1525789207809,9129.99,9130
1525789213138,9129.99,9130
1525789217614,9129.99,9130
1525789220979,9129.99,9130
1525789224594,9129.99,9130
1525789229814,9129.99,9130
1525789233581,9129.99,9130
1525789237445,9129.99,9130
1525789241279,9129.99,9130
1525789245406,9129.99,9130
1525789248995,9129.99,9130
1525789252898,9129.99,9130
1525789257878,9129.99,9130
1525789260958,9129.99,9130
1525789265197,9129.99,9130
1525789267661,9129.99,9130
1525789273147,9129.99,9130
1525789278094,9129.99,9130
1525789281546,9129.99,9130
1525789286409,9129.99,9130
1525789289226,9129.99,9130
1525789296103,9129.99,9130
1525789300209,9129.99,9130
1525789303918,9129.99,9130
1525789307589,9129.99,9130
1525789308967,9129.99,9130
1525789314203,9129.99,9130
1525789319245,9129.99,9130
1525789325155,9129.99,9130
1525789331550,9129.99,9130
1525789335781,9129.99,9130
1525789339911,9129.99,9130
1525789343756,9129.99,9130
1525789348931,9129.99,9130
1525789352688,9129.99,9130
1525789356448,9129.99,9130
1525789361732,9129.99,9130
1525789365382,9129.99,9130
1525789369509,9129.99,9130
1525789375918,9129.99,9130
1525789379226,9129.99,9130
1525789385366,9129.99,9130
1525789389801,9129.99,9130
1525789395255,9129.99,9130
1525789402358,9129.99,9130
1525789408209,9129.99,9130
1525789412962,9129.99,9130
1525789416770,9129.99,9130
1525789419727,9129.99,9130
1525789425065,9129.99,9130
1525789430122,9129.99,9130
1525789435858,9129.99,9130
1525789441385,9129.99,9130
1525789445250,9129.99,9130
1525789449434,9129.99,9130
1525789453574,9129.99,9130
1525789459667,9129.99,9130
1525789466947,9129.99,9130
1525789471321,9131.29,9131.3
1525789476946,9147.46,9147.47
1525789482422,9147.99,9148
1525789487158,9150.5,9150.51
1525789492121,9150.5,9150.51
1525789496940,9150.5,9150.51
1525789501016,9150.5,9150.51
1525789509702,9150.5,9150.51
1525789517811,9150.5,9150.51
1525789522623,9150.5,9150.51
1525789526638,9150.5,9150.51
1525789533352,9150.5,9150.51
1525789540434,9150.5,9150.51
1525789543975,9150.5,9150.51
1525789548203,9150.5,9150.51
1525789554553,9150.5,9150.51
1525789558738,9150.5,9150.51
1525789562673,9150.5,9150.51
1525789567848,9150.5,9150.51
1525789573081,9150.5,9150.51
1525789575867,9150.5,9150.51
1525789580543,9150.5,9150.51
1525789585268,9150.5,9150.51
1525789589101,9150.5,9150.51
1525789593161,9150.5,9150.51
1525789598489,9150.5,9150.51
1525789603042,9150.5,9150.51
1525789607858,9150.5,9150.51
1525789613278,9150.5,9150.51
1525789617277,9150.5,9150.51
1525789620715,9150.5,9150.51
1525789623041,9150.5,9150.51
1525789628037,9150.5,9150.51
1525789633057,9150.5,9150.51
1525789635734,9150.5,9150.51
1525789639956,9150.5,9150.51
1525789643260,9150.5,9150.51
1525789648460,9150.5,9150.51
1525789651615,9150.5,9150.51
1525789654563,9150.5,9150.51
1525789659368,9150.5,9150.51
1525789667471,9150.5,9150.51
1525789671860,9150.5,9150.51
1525789678315,9150.5,9150.51
1525789681534,9155.18,9155.19
1525789689978,9155.18,9155.19
1525789692179,9155.18,9155.19
1525789698057,9155.18,9155.19
1525789701410,9155.18,9155.19
1525789706061,9155.18,9155.19
1525789707746,9155.18,9155.19
1525789716557,9155.18,9155.19
1525789719998,9155.18,9155.19
1525789723658,9155.18,9155.19
1525789728140,9155.18,9155.19
1525789731989,9155.18,9155.19
1525789738144,9155.18,9155.19
1525789741626,9155.18,9155.19
1525789745262,9155.18,9155.19
1525789749398,9155.18,9155.19
1525789754394,9155.18,9155.19
1525789758710,9155.18,9155.19
1525789765336,9155.18,9155.19
1525789776187,9155.18,9155.19
1525789783855,9155.18,9155.19
1525789788814,9155.18,9155.19
1525789794660,9155.18,9155.19
1525789799549,9155.18,9155.19
1525789806590,9155.18,9155.19
1525789809830,9155.18,9155.19
1525789814188,9155.18,9155.19
1525789819959,9155.18,9155.19
1525789824830,9155.18,9155.19
1525789829021,9155.18,9155.19
1525789834043,9155.18,9155.19
1525789840874,9155.18,9155.19
1525789844489,9155.18,9155.19
1525789850645,9155.18,9155.19
1525789855152,9155.18,9155.19
1525789862217,9150.51,9150.52
1525789877751,9139.69,9139.7
1525789882219,9134.89,9134.9
1525789890809,9134,9134.01
1525789899197,9134,9134.01
1525789904150,9134,9134.01
1525789909612,9134,9134.01
1525789915374,9134,9134.01
1525789922360,9134,9134.01
1525789930391,9133.4,9133.41
1525789936774,9133.4,9133.41
1525789943427,9133.4,9133.41
1525789947008,9124.01,9124.02
1525789950971,9122,9122.01
1525789955035,9120.63,9120.64
1525789959507,9120.63,9120.64
1525789965055,9120.5,9120.51
1525789968603,9120.5,9120.51
1525789971623,9120.5,9120.51
1525789975727,9120.5,9120.51
1525789980674,9120.5,9120.51
1525789983999,9120.5,9120.51
1525789988994,9120.5,9120.51
1525789994577,9120.5,9120.51
1525789998445,9120.5,9120.51
1525790000235,9120.5,9120.51
1525790005198,9120.5,9120.51
1525790008778,9120.5,9120.51
1525790012351,9120.5,9120.51
1525790016166,9120.5,9120.51
1525790021011,9120.5,9120.51
1525790025922,9121.54,9121.55
1525790029595,9121.54,9121.55
1525790033167,9121.54,9121.55
1525790036564,9121.54,9121.55
1525790040774,9121.54,9121.55
1525790045174,9121.54,9121.55
1525790047556,9121.54,9121.55
1525790052985,9121.54,9121.55
1525790057602,9122,9122.01
1525790060796,9122,9122.01
1525790064536,9122,9122.01
1525790068499,9122,9122.01
1525790072245,9122,9122.01
1525790076897,9126.15,9126.16
1525790079326,9126.15,9126.16
1525790085672,9126.15,9126.16
1525790089004,9126.15,9126.16
1525790093153,9126.15,9126.16
1525790095546,9126.15,9126.16
1525790100049,9126.15,9126.16
1525790106347,9126.15,9126.16
1525790109289,9126.15,9126.16
1525790112278,9126.15,9126.16
1525790119722,9126.15,9126.16
1525790125869,9126.15,9126.16
1525790129219,9126.15,9126.16
1525790133906,9126.15,9126.16
1525790138613,9126.15,9126.16
1525790142146,9126.15,9126.16
1525790147805,9126.15,9126.16
1525790151401,9126.15,9126.16
1525790154929,9126.15,9126.16
1525790158850,9127.06,9127.07
1525790161173,9127.06,9127.07
1525790166631,9127.06,9127.07
1525790169435,9128.16,9128.17
1525790173346,9128.89,9128.9
1525790182727,9128.89,9128.9
1525790190550,9128.89,9128.9
1525790193824,9128.89,9128.9
1525790202941,9128.89,9128.9
1525790206445,9128.89,9128.9
1525790210374,9128.89,9128.9
1525790214797,9128.89,9128.9
1525790219184,9128.89,9128.9
1525790224458,9128.89,9128.9
1525790227462,9128.89,9128.9
1525790231029,9128.89,9128.9
1525790235097,9128.89,9128.9
1525790239339,9129.07,9129.08
1525790243239,9129.07,9129.08
1525790247818,9129.07,9129.08
1525790256441,9129.07,9129.08
1525790262337,9129.98,9129.99
1525790267203,9129.98,9129.99
1525790274060,9129.98,9129.99
1525790280830,9129.98,9129.99
1525790287614,9135.97,9135.98
1525790299238,9135.97,9135.98
1525790303402,9135.97,9135.98
1525790307390,9135.97,9135.98
1525790310934,9135.97,9135.98
1525790314759,9135.97,9135.98
1525790318767,9135.97,9135.98
1525790322538,9135.97,9135.98
1525790327678,9135.97,9135.98
1525790331221,9135.97,9135.98
1525790335530,9135.97,9135.98
1525790339444,9135.97,9135.98
1525790342762,9135.97,9135.98
1525790342762,9135.97,9135.98
1525790349543,9135.97,9135.98
1525790352610,9135.97,9135.98
1525790357817,9135.97,9135.98
1525790361250,9135.97,9135.98
1525790364503,9135.97,9135.98
1525790368064,9135.97,9135.98
1525790373109,9135.97,9135.98
1525790376113,9135.97,9135.98
1525790379651,9135.97,9135.98
1525790384404,9135.97,9135.98
1525790388160,9128.95,9128.96
1525790392384,9128.95,9128.96
1525790395718,9128.95,9128.96
1525790399524,9128.95,9128.96
1525790404110,9126.15,9126.16
1525790406832,9126.15,9126.16
1525790410361,9126.15,9126.16
1525790414570,9126.15,9126.16
1525790417895,9126.15,9126.16
1525790422436,9126.15,9126.16
1525790423415,9126.15,9126.16
1525790428828,9126.15,9126.16
1525790432515,9126.15,9126.16
1525790436372,9126.15,9126.16
1525790442132,9126.15,9126.16
1525790446020,9126.15,9126.16
1525790450735,9126.15,9126.16
1525790453729,9126.15,9126.16
1525790456627,9126.15,9126.16
1525790460163,9126.15,9126.16
1525790465247,9126.15,9126.16
1525790468511,9126.15,9126.16
1525790472274,9126.15,9126.16
1525790475625,9126.15,9126.16
1525790479239,9126.15,9126.16
1525790483555,9126,9126.01
1525790487935,9125.22,9125.23
1525790491356,9125,9125.01
1525790495400,9125,9125.01
1525790499351,9125,9125.01
1525790502582,9126.15,9126.16
1525790505719,9126.19,9126.2
1525790509667,9126.36,9126.37
1525790514295,9126.36,9126.37
1525790518546,9126.36,9126.37
1525790521549,9126.36,9126.37
1525790526778,9126.36,9126.37
1525790529053,9126.36,9126.37
1525790534432,9126.36,9126.37
1525790538137,9126.36,9126.37
1525790542210,9128.89,9128.9
1525790546222,9132.13,9132.14
1525790550067,9132.13,9132.14
1525790554989,9132.13,9132.14
1525790559605,9132.13,9132.14
1525790562237,9132.13,9132.14
1525790565861,9132.13,9132.14
1525790569875,9132.13,9132.14
1525790572995,9132.13,9132.14
1525790578074,9132.13,9132.14
1525790580127,9133.04,9133.05
1525790585282,9134.87,9134.88
1525790590422,9134.87,9134.88
1525790593648,9134.87,9134.88
1525790597746,9134.87,9134.88
1525790601889,9134.87,9134.88
1525790604425,9134.87,9134.88
1525790609171,9134.87,9134.88
1525790612483,9134.87,9134.88
1525790616788,9134.87,9134.88
1525790621492,9134.87,9134.88
1525790625050,9134.87,9134.88
1525790629774,9134.87,9134.88
1525790629774,9134.87,9134.88
1525790636623,9134.87,9134.88
1525790640021,9134.87,9134.88
1525790645330,9134.87,9134.88
1525790647935,9134.87,9134.88
1525790649799,9134.87,9134.88
1525790656537,9134.87,9134.88
1525790660200,9134.87,9134.88
1525790663785,9134.87,9134.88
1525790663785,9134.87,9134.88
1525790670178,9134.87,9134.88
1525790672486,9134.87,9134.88
1525790677168,9134.87,9134.88
1525790681830,9134.87,9134.88
1525790685566,9134.87,9134.88
1525790690150,9134.87,9134.88
1525790693649,9134.87,9134.88
1525790697616,9134.87,9134.88
1525790701725,9134.87,9134.88
1525790703137,9134.87,9134.88
1525790705417,9134.87,9134.88
1525790712684,9134.87,9134.88
1525790717092,9134.87,9134.88
1525790719696,9134.87,9134.88
1525790724278,9134.87,9134.88
1525790727962,9134.87,9134.88
1525790731626,9134.87,9134.88
1525790733988,9134.87,9134.88
1525790740991,9134.87,9134.88
1525790745257,9134.87,9134.88
1525790749398,9134.87,9134.88
1525790751913,9134.87,9134.88
1525790755965,9134.87,9134.88
1525790759814,9134.87,9134.88
1525790763595,9134.87,9134.88
1525790766529,9134.87,9134.88
1525790771747,9134.87,9134.88
1525790776371,9134.87,9134.88
1525790779615,9134.87,9134.88
1525790783754,9134.87,9134.88
1525790787890,9134.87,9134.88
1525790791289,9134.87,9134.88
1525790795629,9134.87,9134.88
1525790799018,9134.87,9134.88
1525790803200,9134.87,9134.88
1525790806870,9134.87,9134.88
1525790811093,9134.86,9134.87
1525790820414,9128,9128.01
1525790829855,9128,9128.01
1525790840690,9126.36,9126.37
1525790846385,9126.36,9126.37
1525790853921,9125.24,9125.25
1525790858166,9125.24,9125.25
1525790862626,9115.75,9115.76
1525790866900,9113.15,9113.16
1525790870371,9113.15,9113.16
1525790874545,9113.15,9113.16
1525790878161,9113.15,9113.16
1525790881857,9106.01,9106.02
1525790886584,9105,9105.01
1525790889618,9105,9105.01
1525790893370,9105,9105.01
1525790898368,9105,9105.01
1525790905802,9104.53,9104.54
1525790909622,9104.53,9104.54
1525790915771,9100,9100.01
1525790920301,9100,9100.01
1525790924474,9100,9100.01
1525790927842,9100,9100.01
1525790931965,9100,9100.01
1525790935421,9100,9100.01
1525790940061,9105.99,9106
1525790941664,9105.99,9106
1525790946859,9111.35,9111.36
1525790950532,9111.45,9111.46
1525790955010,9111.45,9111.46
1525790957552,9113.76,9113.77
1525790962225,9116.13,9116.14
1525790966273,9116.13,9116.14
1525790970277,9116.13,9116.14
1525790974571,9116.13,9116.14
1525790977813,9116.13,9116.14
1525790983043,9116.13,9116.14
1525790989127,9116.13,9116.14
1525790992795,9116.13,9116.14
1525790998035,9117.16,9117.17
1525791001428,9117.16,9117.17
1525791005815,9117.16,9117.17
1525791011077,9117.16,9117.17
1525791014435,9117.16,9117.17
1525791018411,9117.16,9117.17
1525791023361,9111.45,9111.46
1525791026347,9111.45,9111.46
1525791036803,9109.26,9109.27
1525791040470,9109.26,9109.27
1525791049998,9109.26,9109.27
1525791079194,9109.26,9109.27
1525791083419,9109.26,9109.27
1525791087016,9109.26,9109.27
1525791092231,9109.26,9109.27
1525791094381,9109.26,9109.27
1525791098518,9109.26,9109.27
1525791102559,9119.99,9120
1525791108139,9119.99,9120
1525791112856,9119.99,9120
1525791116174,9120.43,9120.44
1525791119727,9120.43,9120.44
1525791125284,9120.43,9120.44
1525791128292,9120.43,9120.44
1525791149685,9120.43,9120.44
1525791153882,9120.43,9120.44
1525791156781,9120.43,9120.44
1525791162406,9122.73,9122.74
1525791165063,9122.73,9122.74
1525791169550,9122.73,9122.74
1525791173877,9122.99,9123
1525791178214,9122.99,9123
1525791179594,9122.99,9123
1525791185705,9122.99,9123
1525791188926,9123.59,9123.6
1525791191934,9123.59,9123.6
1525791196629,9123.59,9123.6
1525791200433,9124.38,9124.39
1525791203962,9124.38,9124.39
1525791208064,9124.38,9124.39
1525791212202,9125.29,9125.3
1525791214796,9125.29,9125.3
1525791219309,9125.47,9125.48
1525791224078,9125.47,9125.48
1525791230723,9125.47,9125.48
1525791234634,9126.16,9126.17
1525791238428,9126.16,9126.17
1525791241835,9126.16,9126.17
1525791246564,9126.16,9126.17
1525791249749,9126.16,9126.17
1525791254377,9126.16,9126.17
1525791258175,9126.16,9126.17
1525791261882,9126.16,9126.17
1525791265439,9126.16,9126.17
1525791269110,9126.16,9126.17
1525791272636,9126.16,9126.17
1525791276760,9126.16,9126.17
1525791281722,9126.16,9126.17
1525791285540,9126.16,9126.17
1525791288786,9126.16,9126.17
1525791293321,9126.16,9126.17
1525791294834,9126.16,9126.17
1525791300836,9126.16,9126.17
1525791303230,9126.16,9126.17
1525791307735,9126.16,9126.17
1525791311361,9126.16,9126.17
1525791315134,9126.16,9126.17
1525791315134,9126.16,9126.17
1525791322944,9126.16,9126.17
1525791325486,9126.16,9126.17
1525791329706,9126.16,9126.17
1525791333714,9126.16,9126.17
1525791336547,9126.16,9126.17
1525791340553,9126.16,9126.17
1525791345167,9126.16,9126.17
1525791348812,9126.16,9126.17
1525791352826,9126.16,9126.17
1525791354703,9126.16,9126.17
1525791359847,9126.16,9126.17
1525791363212,9126.16,9126.17
1525791367430,9126.16,9126.17
1525791370602,9126.16,9126.17
1525791374748,9126.16,9126.17
1525791378746,9126.16,9126.17
1525791381922,9126.16,9126.17
1525791385331,9126.16,9126.17
1525791388309,9126.16,9126.17
1525791392211,9126.16,9126.17
1525791395734,9126.16,9126.17
1525791400815,9126.16,9126.17
1525791403964,9126.16,9126.17
1525791407838,9126.16,9126.17
1525791412291,9126.16,9126.17
1525791415488,9126.16,9126.17
1525791418409,9126.16,9126.17
1525791423594,9126.16,9126.17
1525791426774,9126.16,9126.17
1525791429720,9126.16,9126.17
1525791435544,9126.16,9126.17
1525791438584,9126.16,9126.17
1525791443027,9126.16,9126.17
1525791446201,9126.16,9126.17
1525791449674,9126.16,9126.17
1525791453406,9126.16,9126.17
1525791458159,9126.16,9126.17
1525791459717,9126.16,9126.17
1525791464762,9126.16,9126.17
1525791468890,9126.16,9126.17
1525791471795,9126.16,9126.17
1525791476498,9126.16,9126.17
1525791480998,9126.16,9126.17
1525791485162,9126.16,9126.17
1525791488920,9126.16,9126.17
1525791491789,9126.16,9126.17
1525791495514,9126.16,9126.17
1525791499926,9126.16,9126.17
1525791502101,9126.16,9126.17
1525791507522,9126.16,9126.17
1525791511025,9126.16,9126.17
1525791515166,9126.16,9126.17
1525791519020,9126.16,9126.17
1525791524416,9126.16,9126.17
1525791528067,9126.16,9126.17
1525791531932,9126.16,9126.17
1525791535606,9126.16,9126.17
1525791540014,9126.16,9126.17
1525791542326,9126.16,9126.17
1525791547758,9126.16,9126.17
1525791551352,9126.16,9126.17
1525791555591,9126.16,9126.17
1525791559253,9126.16,9126.17
1525791562798,9126.16,9126.17
1525791567766,9126.16,9126.17
1525791570787,9126.16,9126.17
1525791575274,9126.16,9126.17
1525791577979,9126.16,9126.17
1525791582654,9126.16,9126.17
1525791585926,9126.16,9126.17
1525791590597,9126.16,9126.17
1525791594133,9126.16,9126.17
1525791597553,9126.16,9126.17
1525791601655,9126.16,9126.17
1525791605327,9126.16,9126.17
1525791608944,9126.16,9126.17
1525791613476,9126.16,9126.17
1525791616075,9126.16,9126.17
1525791618912,9126.16,9126.17
1525791624644,9126.16,9126.17
1525791628065,9126.16,9126.17
1525791631938,9126.16,9126.17
1525791636702,9126.16,9126.17
1525791640137,9126.16,9126.17
1525791642819,9126.16,9126.17
1525791647931,9126.16,9126.17
1525791651225,9126.16,9126.17
1525791655061,9126.16,9126.17
1525791659105,9126.16,9126.17
1525791660746,9126.16,9126.17
1525791666514,9126.16,9126.17
1525791670871,9126.16,9126.17
1525791672654,9126.16,9126.17
1525791676990,9126.16,9126.17
1525791681761,9126.16,9126.17
1525791686009,9126.16,9126.17
1525791690311,9126.16,9126.17
1525791693102,9126.16,9126.17
1525791697268,9126.16,9126.17
1525791702075,9126.16,9126.17
1525791704085,9126.16,9126.17
1525791704085,9126.16,9126.17
1525791704085,9126.16,9126.17
1525791704085,9126.16,9126.17
1525791704085,9126.16,9126.17
1525791704085,9126.16,9126.17
1525791704085,9126.16,9126.17
1525791704085,9126.16,9126.17
1525791704085,9126.16,9126.17
1525791704085,9126.16,9126.17
1525791704085,9126.16,9126.17
1525791704085,9126.16,9126.17
1525791704085,9126.16,9126.17
1525791704085,9126.16,9126.17
1525791704085,9126.16,9126.17
1525791704085,9126.16,9126.17
1525791771610,9137.42,9137.43
1525791778226,9137.42,9137.43
1525791781190,9137.42,9137.43
1525791785323,9137.42,9137.43
1525791788588,9136.86,9136.87
1525791794236,9136.86,9136.87
1525791797989,9136.86,9136.87
1525791801149,9136.86,9136.87
1525791805751,9136.86,9136.87
1525791809151,9136.86,9136.87
1525791815346,9136.86,9136.87
1525791818952,9136.86,9136.87
1525791822141,9136.86,9136.87
1525791826726,9137.42,9137.43
1525791830182,9137.42,9137.43
1525791833537,9137.42,9137.43
1525791835937,9137.42,9137.43
1525791840409,9137.42,9137.43
1525791845168,9137.42,9137.43
1525791848656,9137.42,9137.43
1525791852123,9137.42,9137.43
1525791855725,9137.42,9137.43
1525791859392,9137.42,9137.43
1525791864143,9137.42,9137.43
1525791868384,9137.42,9137.43
1525791871897,9137.42,9137.43
1525791875225,9137.42,9137.43
1525791878524,9137.42,9137.43
1525791882885,9137.42,9137.43
1525791886980,9137.42,9137.43
1525791889428,9137.42,9137.43
1525791894405,9137.42,9137.43
1525791897711,9137.42,9137.43
1525791900915,9137.42,9137.43
1525791904433,9137.42,9137.43
1525791908253,9137.42,9137.43
1525791913784,9137.42,9137.43
1525791916309,9137.42,9137.43
1525791920959,9137.42,9137.43
1525791924829,9137.42,9137.43
1525791928661,9137.42,9137.43
1525791932803,9137.42,9137.43
1525791936822,9137.42,9137.43
1525791940249,9137.42,9137.43
1525791943823,9137.42,9137.43
1525791948327,9137.42,9137.43
1525791952439,9137.42,9137.43
1525791956520,9137.42,9137.43
1525791959652,9137.42,9137.43
1525791963549,9141.6,9141.61
1525791967008,9143.57,9143.58
1525791970997,9143.57,9143.58
1525791974441,9143.57,9143.58
1525791978397,9143.57,9143.58
1525791983673,9143.57,9143.58
1525791986753,9143.57,9143.58
1525791990595,9143.57,9143.58
1525791995472,9143.57,9143.58
1525791998552,9143.57,9143.58
1525792001861,9143.78,9143.79
1525792004812,9144.91,9144.92
1525792009264,9144.91,9144.92
1525792013895,9144.91,9144.92
1525792017278,9144.91,9144.92
1525792021643,9144.91,9144.92
1525792025180,9144.91,9144.92
1525792028939,9144.91,9144.92
1525792032945,9144.91,9144.92
1525792036229,9144.91,9144.92
1525792039621,9144.91,9144.92
1525792043515,9144.91,9144.92
1525792047899,9145.15,9145.16
1525792050656,9145.15,9145.16
1525792054643,9145.15,9145.16
1525792059171,9145.15,9145.16
1525792063124,9145.15,9145.16
1525792066121,9145.15,9145.16
1525792070152,9144.91,9144.92
1525792074200,9145.15,9145.16
1525792078459,9145.15,9145.16
1525792080851,9145.15,9145.16
1525792086444,9145.15,9145.16
1525792090001,9145.15,9145.16
1525792093708,9145.15,9145.16
1525792096528,9145.15,9145.16
1525792100399,9145.15,9145.16
1525792105707,9145.15,9145.16
1525792109495,9145.15,9145.16
1525792112371,9145.15,9145.16
1525792116703,9145.15,9145.16
1525792120661,9145.15,9145.16
1525792124329,9145.15,9145.16
1525792128094,9145.15,9145.16
1525792131719,9145.15,9145.16
1525792135620,9145.15,9145.16
1525792138918,9145.15,9145.16
1525792142225,9145.15,9145.16
1525792147116,9145.15,9145.16
1525792149980,9145.15,9145.16
1525792153721,9145.15,9145.16
1525792157828,9145.15,9145.16
1525792161822,9145.15,9145.16
1525792166068,9145.15,9145.16
1525792169174,9145.15,9145.16
1525792173492,9145.15,9145.16
1525792178216,9145.15,9145.16
1525792181661,9143.29,9143.3
1525792185132,9143.29,9143.3
1525792187256,9143.29,9143.3
1525792191984,9143.29,9143.3
1525792196745,9143.29,9143.3
1525792200033,9143.29,9143.3
1525792204543,9143.29,9143.3
1525792207446,9143.29,9143.3
1525792209888,9143.29,9143.3
1525792215647,9143.29,9143.3
1525792219005,9143.29,9143.3
1525792223765,9143.29,9143.3
1525792226361,9143.29,9143.3
1525792231056,9143.29,9143.3
1525792234456,9143.29,9143.3
1525792239564,9143.29,9143.3
1525792242213,9143.29,9143.3
1525792242213,9143.29,9143.3
1525792247982,9143.29,9143.3
1525792253524,9143.29,9143.3
1525792253524,9143.29,9143.3
1525792259307,9143.29,9143.3
1525792265460,9143.29,9143.3
1525792265460,9143.29,9143.3
1525792271000,9143.29,9143.3
1525792275815,9143.29,9143.3
1525792281029,9143.29,9143.3
1525792285902,9143.29,9143.3
1525792289445,9143.29,9143.3
1525792292560,9143.29,9143.3
1525792296961,9143.29,9143.3
1525792300457,9143.29,9143.3
1525792304544,9143.29,9143.3
1525792308229,9143.29,9143.3
1525792311837,9143.29,9143.3
1525792314430,9143.29,9143.3
1525792318757,9143.29,9143.3
1525792322308,9143.29,9143.3
1525792326511,9143.29,9143.3
1525792328955,9143.29,9143.3
1525792333742,9143.29,9143.3
1525792337528,9143.29,9143.3
1525792341060,9143.29,9143.3
1525792346694,9143.29,9143.3
1525792346694,9143.29,9143.3
1525792352213,9143.29,9143.3
1525792357710,9143,9143.01
1525792357710,9143,9143.01
1525792363348,9143,9143.01
1525792369201,9143,9143.01
1525792373334,9143,9143.01
1525792376907,9137.61,9137.62
1525792376907,9137.61,9137.62
1525792382431,9133.6,9133.62
1525792388185,9129.9,9129.91
1525792390958,9129.9,9129.91
1525792396753,9129.9,9129.91
1525792396753,9129.9,9129.91
1525792405452,9129.9,9129.91
1525792409494,9126.18,9126.19
1525792412233,9126.18,9126.19
1525792416868,9126.18,9126.19
1525792420234,9126.18,9126.19
1525792422809,9126.18,9126.19
1525792427498,9126.18,9126.19
1525792431608,9126.18,9126.19
1525792435413,9126.18,9126.19
1525792439232,9126.18,9126.19
1525792442440,9126.18,9126.19
1525792446081,9126.18,9126.19
1525792449568,9126.18,9126.19
1525792453031,9126.18,9126.19
1525792457363,9126.18,9126.19
1525792461432,9126.18,9126.19
1525792464715,9126.18,9126.19
1525792469161,9126.18,9126.19
1525792471621,9129.69,9130.7
1525792475961,9137.12,9137.13
1525792481072,9137.61,9137.62
1525792484845,9138.63,9138.64
1525792488398,9138.63,9138.64
1525792491697,9138.63,9138.64
1525792494950,9138.63,9138.64
1525792499407,9138.63,9138.64
1525792503632,9142.28,9142.29
1525792507876,9143.29,9143.3
1525792510293,9143.29,9143.3
1525792515748,9143.29,9143.3
1525792519280,9143.29,9143.3
1525792520354,9143.29,9143.3
1525792526688,9143.29,9143.3
1525792529913,9143.29,9143.3
1525792532275,9143.29,9143.3
1525792537893,9143.29,9143.3
1525792542307,9143.29,9143.3
1525792545684,9143.29,9143.3
1525792549156,9143.29,9143.3
1525792553001,9143.29,9143.3
1525792556708,9143.29,9143.3
1525792561261,9143.29,9143.3
1525792565316,9143.29,9143.3
1525792569160,9143.29,9143.3
1525792572877,9143.29,9143.3
1525792576301,9143.29,9143.3
1525792579491,9143.29,9143.3
1525792584955,9143.3,9143.31
1525792587702,9143.3,9143.31
1525792592555,9143.3,9143.31
1525792596515,9143.3,9143.31
1525792599254,9143.3,9143.31
1525792603612,9143.3,9143.31
1525792606596,9143.3,9143.31
1525792611116,9143.3,9143.31
1525792614786,9143.3,9143.31
1525792618725,9143.49,9143.5
1525792621623,9143.49,9143.5
1525792625456,9143.49,9143.5
1525792628453,9143.49,9143.5
1525792632497,9143.49,9143.5
1525792636709,9143.49,9143.5
1525792640221,9143.49,9143.5
1525792641580,9143.49,9143.5
1525792648131,9143.49,9143.5
1525792651136,9143.49,9143.5
1525792655561,9143.49,9143.5
1525792658155,9143.49,9143.5
1525792662889,9143.49,9143.5
1525792662889,9143.49,9143.5
1525792670335,9143.49,9143.5
1525792673670,9143.49,9143.5
1525792677652,9143.49,9143.5
1525792680807,9143.49,9143.5
1525792686405,9143.49,9143.5
1525792697594,9143.29,9143.3
1525792699793,9143.29,9143.3
1525792705619,9143.29,9143.3
1525792707137,9143.29,9143.3
1525792712934,9143.29,9143.3
1525792716279,9143.29,9143.3
1525792717924,9143.29,9143.3
1525792717924,9143.29,9143.3
1525792717924,9143.29,9143.3
1525792717924,9143.29,9143.3
1525792717924,9143.29,9143.3
1525792717924,9143.29,9143.3
1525792717924,9143.29,9143.3
1525792717924,9143.29,9143.3
1525792750013,9143.29,9143.3
1525792753956,9143.29,9143.3
1525792757138,9143.29,9143.3
1525792761480,9143.29,9143.3
1525792764512,9143.29,9143.3
1525792768911,9143.29,9143.3
1525792773117,9143.29,9143.3
1525792776771,9143.29,9143.3
1525792780220,9143.29,9143.3
1525792784531,9143.29,9143.3
1525792788592,9143.29,9143.3
1525792792255,9143.29,9143.3
1525792795914,9143.29,9143.3
1525792799754,9143.29,9143.3
1525792802206,9143.29,9143.3
1525792806654,9143.29,9143.3
1525792811653,9143.29,9143.3
1525792815176,9143.29,9143.3
1525792819017,9143.29,9143.3
1525792822439,9143.29,9143.3
1525792825652,9143.29,9143.3
1525792829125,9143.29,9143.3
1525792832690,9143.29,9143.3
1525792836932,9143.29,9143.3
1525792840809,9143.29,9143.3
1525792844650,9143.29,9143.3
1525792847007,9143.29,9143.3
1525792852215,9143.29,9143.3
1525792855471,9143.29,9143.3
1525792858984,9143.29,9143.3
1525792862514,9143.29,9143.3
1525792866689,9143.29,9143.3
1525792870177,9143.29,9143.3
1525792875325,9143.29,9143.3
1525792879313,9143.29,9143.3
1525792883643,9143.29,9143.3
1525792886872,9143.29,9143.3
1525792890945,9143.29,9143.3
1525792895366,9143.29,9143.3
1525792898499,9143.29,9143.3
1525792901752,9143.29,9143.3
1525792906220,9143.29,9143.3
1525792910293,9143.29,9143.3
1525792912908,9143.29,9143.3
1525792917518,9143.29,9143.3
1525792920990,9143.29,9143.3
1525792925120,9143.29,9143.3
1525792927821,9143.29,9143.3
1525792931647,9143.29,9143.3
1525792936126,9143.29,9143.3
1525792939521,9143.29,9143.3
1525792942714,9143.29,9143.3
1525792946854,9143.29,9143.3
1525792950191,9143.29,9143.3
1525792954181,9143.29,9143.3
1525792957773,9143.29,9143.3
1525792961465,9143.28,9143.29
1525792964036,9143.28,9143.29
1525792969097,9140,9142.28
1525792972666,9135,9135.01
1525792977758,9135,9135.01
1525792980539,9135,9135.01
1525792982065,9135,9135.01
1525792988256,9135,9135.01
1525792992032,9135,9135.01
1525792996528,9135,9135.01
1525792999267,9133.93,9133.94
1525793004077,9130,9130.01
1525793008615,9135,9135.01
1525793008615,9135,9135.01
1525793014221,9135,9135.01
1525793018672,9137.28,9137.29
1525793021768,9137.28,9137.29
1525793026323,9137.28,9137.29
1525793030166,9137.28,9137.29
1525793035250,9137.28,9137.29
1525793038588,9137.28,9137.29
1525793042525,9137.28,9137.29
1525793045998,9137.28,9137.29
1525793048603,9137.28,9137.29
1525793052693,9137.28,9137.29
1525793055780,9137.28,9137.29
1525793060557,9137.28,9137.29
1525793063455,9137.28,9137.29
1525793069385,9137.28,9137.29
1525793071768,9137.28,9137.29
1525793076435,9137.28,9137.29
1525793080655,9137.28,9137.29
1525793083314,9137.28,9137.29
1525793087272,9137.28,9137.29
1525793091033,9137.28,9137.29
1525793094896,9137.28,9137.29
1525793099660,9137.28,9137.29
1525793102125,9137.28,9137.29
1525793107223,9137.28,9137.29
1525793110900,9137.28,9137.29
1525793116168,9137.28,9137.29
1525793121373,9137.28,9137.29
1525793124940,9137.28,9137.29
1525793128712,9137.28,9137.29
1525793132280,9135,9135.01
1525793135720,9135,9135.01
1525793138825,9135,9135.01
1525793143004,9135,9135.01
1525793147128,9135,9135.01
1525793149925,9135,9135.01
1525793154526,9135,9135.01
1525793157359,9135,9135.01
1525793160803,9135,9135.01
1525793166330,9130,9130.01
1525793169997,9130,9130.01
1525793174458,9130,9130.01
1525793177232,9130,9130.01
1525793181009,9130,9130.01
1525793185356,9130,9130.01
1525793189220,9130,9130.01
1525793192157,9130,9130.01
1525793196057,9130,9130.01
1525793200841,9126.39,9126.4
1525793203213,9126.18,9126.19
1525793208299,9126.18,9126.19
1525793211642,9126.18,9126.19
1525793215754,9126.18,9126.19
1525793219978,9126.18,9126.19
1525793222158,9126.18,9126.19
1525793227537,9126.18,9126.19
1525793231027,9126.18,9126.19
1525793232143,9126.18,9126.19
1525793238597,9126.18,9126.19
1525793242239,9126.18,9126.19
1525793245767,9126.18,9126.19
1525793250144,9126.18,9126.19
1525793253932,9126.18,9126.19
1525793257596,9126.18,9126.19
1525793260019,9126.18,9126.19
1525793264456,9126.18,9126.19
1525793267869,9126.18,9126.19
1525793272459,9126.18,9126.19
1525793275868,9126.18,9126.19
1525793279242,9126.18,9126.19
1525793281552,9126.18,9126.19
1525793286594,9126.4,9126.41
1525793291010,9126.4,9126.41
1525793294758,9129.16,9129.17
1525793298612,9129.16,9129.17
1525793301945,9129.16,9129.17
1525793305210,9128.7,9128.71
1525793309320,9128.75,9128.76
1525793313212,9128.53,9128.54
1525793314347,9128.53,9128.54
1525793320810,9129.15,9129.16
1525793322045,9129.15,9129.16
1525793328541,9129.15,9129.16
1525793332289,9129.15,9129.16
1525793336074,9129.15,9129.16
1525793341058,9129.15,9129.16
1525793342226,9129.15,9129.16
1525793348232,9129.15,9129.16
1525793351842,9129.15,9129.16
1525793355108,9129.15,9129.16
1525793357608,9129.15,9129.16
1525793363398,9129.15,9129.16
1525793366507,9129.15,9129.16
1525793370005,9129.15,9129.16
1525793374205,9129.15,9129.16
1525793378157,9129.15,9129.16
1525793381587,9129.15,9129.16
1525793386297,9129.15,9129.16
1525793389832,9129.14,9129.15
1525793393998,9129.14,9129.15
1525793397204,9129.14,9129.15
1525793402032,9129.14,9129.15
1525793405452,9126.17,9126.18
1525793408128,9126.17,9126.18
1525793413369,9126.17,9126.18
1525793416941,9126.17,9126.18
1525793420539,9126.16,9126.17
1525793424184,9126.16,9126.17
1525793427599,9126.16,9126.17
1525793431947,9126.16,9126.17
1525793434303,9126.16,9126.17
1525793438598,9126.16,9126.17
1525793442430,9126.16,9126.17
1525793446726,9126.16,9126.17
1525793450660,9126.16,9126.17
1525793454578,9126.16,9126.17
1525793457211,9126.16,9126.17
1525793462112,9126.16,9126.17
1525793465328,9126.16,9126.17
1525793469408,9126.16,9126.17
1525793473157,9126.16,9126.17
1525793475687,9126.16,9126.17
1525793480029,9126.16,9126.17
1525793484287,9126.16,9126.17
1525793488700,9126.16,9126.17
1525793491901,9126.16,9126.17
1525793496009,9126.16,9126.17
1525793499452,9126.16,9126.17
1525793502964,9126.16,9126.17
1525793506642,9126.16,9126.17
1525793511047,9126.16,9126.17
1525793515227,9126.16,9126.17
1525793518288,9126.16,9126.17
1525793521130,9126.16,9126.17
1525793526828,9126.16,9126.17
1525793530435,9126.16,9126.17
1525793534451,9126.16,9126.17
1525793536863,9126.16,9126.17
1525793542469,9126.16,9126.17
1525793546033,9126.76,9126.77
1525793549585,9134.56,9134.57
1525793553599,9134.56,9134.57
1525793557080,9134.56,9134.57
1525793562125,9136.77,9136.78
1525793565725,9136.77,9136.78
1525793567986,9136.77,9136.78
1525793572242,9136.77,9136.78
1525793576125,9136.77,9136.78
1525793579757,9136.77,9136.78
1525793583787,9136.77,9136.78
1525793588949,9136.77,9136.78
1525793593572,9137.27,9137.28
1525793598114,9139.99,9140
1525793598114,9139.99,9140
1525793604758,9142.11,9142.12
1525793609244,9143.57,9143.58
1525793612805,9143.57,9143.58
1525793615992,9143.57,9143.58
1525793619953,9143.57,9143.58
1525793624126,9143.57,9143.58
1525793626944,9143.57,9143.58
1525793630940,9143.57,9143.58
1525793632085,9143.57,9143.58
1525793637076,9143.57,9143.58
1525793640765,9143.57,9143.58
1525793645348,9143.57,9143.58
1525793649732,9143.57,9143.58
1525793653361,9143.57,9143.58
1525793656181,9143.57,9143.58
1525793659976,9143.57,9143.58
1525793664202,9143.57,9143.58
1525793667452,9143.57,9143.58
1525793671293,9143.57,9143.58
1525793674401,9143.57,9143.58
1525793680077,9143.57,9143.58
1525793680077,9143.57,9143.58
1525793686851,9143.57,9143.58
1525793686851,9143.57,9143.58
1525793695366,9143.57,9143.58
1525793698668,9143.57,9143.58
1525793698668,9143.57,9143.58
1525793706877,9143.6,9143.61
1525793710229,9143.6,9143.61
1525793714894,9143.6,9143.61
1525793719050,9143.6,9143.61
1525793720029,9143.6,9143.61
1525793726056,9143.6,9143.61
1525793729640,9143.6,9143.61
1525793733640,9143.6,9143.61
1525793735809,9143.6,9143.61
1525793740707,9143.6,9143.61
1525793744090,9143.6,9143.61
1525793748323,9137.63,9137.64
1525793750912,9137.63,9137.64
1525793755546,9137.63,9137.64
1525793759433,9137.63,9137.64
1525793763194,9137.63,9137.64
1525793767223,9137.63,9137.64
1525793770872,9137.63,9137.64
1525793774810,9137.63,9137.64
1525793778593,9137.63,9137.64
1525793782070,9137.63,9137.64
1525793785979,9137.63,9137.64
1525793789573,9132.1,9132.11
1525793793112,9132.1,9132.11
1525793797384,9132.1,9132.11
1525793801736,9132.1,9132.11
1525793804929,9132.1,9132.11
1525793808417,9132.1,9132.11
1525793812732,9132.1,9132.11
1525793816857,9132.1,9132.11
1525793820807,9132.1,9132.11
1525793824607,9135.15,9135.16
1525793828329,9137.53,9137.54
1525793832300,9137.53,9137.54
1525793833627,9137.53,9137.54
1525793840049,9137.53,9137.54
1525793843693,9137.53,9137.54
1525793847782,9137.53,9137.54
1525793850846,9137.53,9137.54
1525793854791,9137.53,9137.54
1525793859277,9137.53,9137.54
1525793862539,9137.53,9137.54
1525793866759,9137.63,9137.64
1525793869443,9137.63,9137.64
1525793873172,9137.63,9137.64
1525793876690,9137.63,9137.64
1525793880475,9137.63,9137.64
1525793884984,9137.63,9137.64
1525793888859,9137.63,9137.64
1525793890218,9137.63,9137.64
1525793895760,9137.63,9137.64
1525793898448,9137.63,9137.64
1525793903788,9137.63,9137.64
1525793907304,9137.63,9137.64
1525793910713,9137.63,9137.64
1525793914722,9137.63,9137.64
1525793917577,9137.63,9137.64
1525793921402,9137.63,9137.64
1525793925876,9137.63,9137.64
1525793928813,9137.63,9137.64
1525793933536,9137.63,9137.64
1525793936273,9137.63,9137.64
1525793939018,9137.63,9137.64
1525793944596,9137.63,9137.64
1525793948067,9137.63,9137.64
1525793951357,9137.63,9137.64
1525793955585,9137.63,9137.64
1525793959535,9137.63,9137.64
1525793963036,9137.63,9137.64
1525793966575,9137.63,9137.64
1525793969478,9137.63,9137.64
1525793974142,9137.63,9137.64
1525793978629,9137.63,9137.64
1525793981481,9137.63,9137.64
1525793985725,9137.63,9137.64
1525793989380,9137.63,9137.64
1525793992119,9137.63,9137.64
1525793995639,9137.63,9137.64
1525793999584,9137.63,9137.64
1525794003790,9137.63,9137.64
1525794007331,9137.63,9137.64
1525794010920,9137.63,9137.64
1525794014725,9137.63,9137.64
1525794019090,9137.63,9137.64
1525794021293,9137.63,9137.64
1525794026454,9137.63,9137.64
1525794030140,9137.63,9137.64
1525794033596,9137.63,9137.64
1525794037409,9137.63,9137.64
1525794041504,9137.63,9137.64
1525794045856,9137.63,9137.64
1525794049113,9137.63,9137.64
1525794052582,9137.63,9137.64
1525794055920,9137.63,9137.64
1525794060251,9137.63,9137.64
1525794061318,9137.63,9137.64
1525794068466,9137.63,9137.64
1525794070990,9137.63,9137.64
1525794076329,9137.63,9137.64
1525794078138,9137.63,9137.64
1525794081532,9137.63,9137.64
1525794087178,9137.63,9137.64
1525794090572,9137.63,9137.64
1525794094769,9137.63,9137.64
1525794098923,9138.32,9138.33
1525794101993,9138.32,9138.33
1525794105867,9138.32,9138.33
1525794110330,9138.32,9138.33
1525794113269,9138.32,9138.33
1525794117254,9138.32,9138.33
1525794122796,9139.89,9139.9
1525794127298,9139.89,9139.9
1525794128920,9139.89,9139.9
1525794133963,9139.89,9139.9
1525794137421,9139.89,9139.9
1525794140851,9139.89,9139.9
1525794146428,9139.89,9139.9
1525794149657,9139.89,9139.9
1525794153739,9139.89,9139.9
1525794157323,9139.89,9139.9
1525794161547,9139.89,9139.9
1525794165876,9139.89,9139.9
1525794169044,9139.89,9139.9
1525794172730,9139.89,9139.9
1525794174939,9139.89,9139.9
1525794179923,9139.89,9139.9
1525794182132,9139.89,9139.9
1525794187907,9139.89,9139.9
1525794191578,9139.89,9139.9
1525794195222,9139.89,9139.9
1525794198123,9139.89,9139.9
1525794202609,9139.89,9139.9
1525794206268,9139.89,9139.9
1525794210342,9139.89,9139.9
1525794214180,9139.89,9139.9
1525794217084,9139.89,9139.9
1525794220688,9139.89,9139.9
1525794224281,9139.89,9139.9
1525794229716,9139.89,9139.9
1525794233508,9139.89,9139.9
1525794236867,9139.89,9139.9
1525794240785,9139.89,9139.9
1525794245285,9139.89,9139.9
1525794248548,9139.89,9139.9
1525794252640,9139.89,9139.9
1525794253780,9139.89,9139.9
1525794259530,9139.89,9139.9
1525794263478,9139.89,9139.9
1525794266490,9139.89,9139.9
1525794270953,9139.89,9139.9
1525794275324,9139.99,9140
1525794278288,9139.99,9140
1525794283234,9139.99,9140
1525794287273,9139.99,9140
1525794288398,9139.99,9140
1525794294714,9139.99,9140
1525794297897,9139.99,9140
1525794301229,9139.99,9140
1525794305153,9139.99,9140
1525794309373,9139.99,9140
1525794314134,9139.99,9140
1525794316628,9139.99,9140
1525794320586,9139.99,9140
1525794325017,9139.99,9140
1525794327616,9139.99,9140
1525794332893,9139.99,9140
1525794336146,9139.99,9140
1525794339985,9139.99,9140
1525794343267,9139.99,9140
1525794346518,9139.99,9140
1525794351345,9139.99,9140
1525794354820,9139.99,9140
1525794357995,9139.99,9140
1525794360366,9139.99,9140
1525794365896,9139.99,9140
1525794369587,9149.39,9149.4
1525794373028,9149.39,9149.4
1525794376152,9149.39,9149.4
1525794380999,9149.39,9149.4
1525794384420,9149.39,9149.4
1525794388415,9149.39,9149.4
1525794388415,9149.39,9149.4
1525794396309,9149.45,9149.46
1525794399820,9149.45,9149.46
1525794401341,9149.45,9149.46
1525794406743,9149.45,9149.46
1525794410722,9149.45,9149.46
1525794414354,9149.45,9149.46
1525794419025,9149.45,9149.46
1525794421540,9149.45,9149.46
1525794425165,9149.45,9149.46
1525794425165,9149.45,9149.46
1525794434772,9149.45,9149.46
1525794437797,9149.45,9149.46
1525794441539,9149.45,9149.46
1525794446237,9149.45,9149.46
1525794450073,9149.45,9149.46
1525794452605,9149.45,9149.46
1525794456787,9149.45,9149.46
1525794459661,9149.45,9149.46
1525794464346,9149.45,9149.46
1525794467442,9149.46,9149.47
1525794471436,9149.46,9149.47
1525794474915,9149.46,9149.47
1525794478706,9149.46,9149.47
1525794478706,9149.46,9149.47
1525794485688,9149.46,9149.47
1525794490228,9149.46,9149.47
1525794494288,9149.46,9149.47
1525794497810,9149.46,9149.47
1525794502192,9149.46,9149.47
1525794505448,9149.46,9149.47
1525794509233,9149.46,9149.47
1525794513320,9149.99,9150
1525794514460,9149.99,9150
1525794514460,9149.99,9150
1525794524423,9149.99,9150
1525794528869,9159.99,9160
1525794532173,9159.99,9160
1525794536257,9159.99,9160
1525794539323,9159.99,9160
1525794543113,9159.99,9160
1525794546531,9159.99,9160
1525794550493,9159.99,9160
1525794554517,9159.99,9160
1525794558077,9159.99,9160
1525794562982,9159.99,9160
1525794568355,9159.99,9160
1525794572082,9159.99,9160
1525794575959,9159.99,9160
1525794579537,9159.99,9160
1525794583890,9159.99,9160
1525794587318,9159.99,9160
1525794594454,9159.99,9160
1525794601056,9159.99,9160
1525794603434,9159.99,9160
1525794609339,9159.99,9160
1525794613418,9159.99,9160
1525794620065,9159.99,9160
1525794623648,9159.99,9160
1525794628012,9159.99,9160
1525794631847,9157.31,9157.32
1525794635766,9156.84,9156.85
1525794638062,9156.84,9156.85
1525794643169,9156.84,9156.85
1525794646909,9150.05,9150.06
1525794651619,9150.05,9150.06
1525794654137,9150.05,9150.06
1525794658432,9150.05,9150.06
1525794662467,9150.05,9150.06
1525794666648,9150.05,9150.06
1525794670045,9150.05,9150.06
1525794672037,9150.05,9150.06
1525794676600,9156.83,9156.84
1525794680665,9156.83,9156.84
1525794683712,9156.83,9156.84
1525794695585,9156.83,9156.84
1525794701907,9156.83,9156.84
1525794706610,9156.83,9156.84
1525794708168,9156.83,9156.84
1525794713785,9156.83,9156.84
1525794718036,9156.83,9156.84
1525794721564,9156.83,9156.84
1525794724743,9156.83,9156.84
1525794730078,9156.83,9156.84
1525794733919,9156.83,9156.84
1525794736502,9156.83,9156.84
1525794740580,9156.83,9156.84
1525794744959,9156.83,9156.84
1525794748253,9156.83,9156.84
1525794752612,9156.83,9156.84
1525794756146,9156.83,9156.84
1525794759996,9156.83,9156.84
1525794763561,9156.83,9156.84
1525794766824,9156.83,9156.84
1525794770871,9156.83,9156.84
1525794774008,9156.83,9156.84
1525794779870,9156.99,9157
1525794783276,9156.99,9157
1525794786943,9156.99,9157
1525794791193,9156.99,9157
1525794795164,9156.99,9157
1525794798923,9156.99,9157
1525794802220,9156.99,9157
1525794806847,9156.99,9157
1525794811057,9156.99,9157
1525794815605,9156.99,9157
1525794819107,9156.99,9157
1525794823579,9156.99,9157
1525794827013,9156.99,9157
1525794830236,9156.99,9157
1525794831232,9156.99,9157
1525794837686,9156.99,9157
1525794841409,9156.99,9157
1525794845186,9156.99,9157
1525794847633,9156.99,9157
1525794847633,9156.99,9157
1525794855390,9156.99,9157
1525794859222,9156.99,9157
1525794864747,9156.99,9157
1525794868507,9156.99,9157
1525794872156,9156.99,9157
1525794876576,9156.99,9157
1525794880111,9156.99,9157
1525794884134,9156.99,9157
1525794884134,9156.99,9157
1525794892101,9156.99,9157
1525794895318,9156.99,9157
1525794898924,9156.99,9157
1525794901664,9156.99,9157
1525794906639,9156.99,9157
1525794910852,9157,9157.01
1525794913509,9157,9157.01
1525794917792,9157,9157.01
1525794921557,9157,9157.01
1525794926332,9157.26,9157.27
1525794929912,9157.26,9157.27
1525794933918,9159.69,9159.7
1525794938462,9159.69,9159.7
1525794941791,9159.96,9159.97
1525794945120,9159.97,9159.98
1525794949952,9159.97,9159.98
1525794953130,9159.97,9159.98
1525794956471,9159.97,9159.98
1525794956471,9159.97,9159.98
1525794965413,9159.97,9159.98
1525794968016,9159.97,9159.98
1525794973744,9159.97,9159.98
1525794977448,9159.97,9159.98
1525794981468,9159.97,9159.98
1525794985173,9159.97,9159.98
1525794988686,9159.97,9159.98
1525794992257,9159.97,9159.98
1525794996717,9159.97,9159.98
1525795000429,9159.97,9159.98
1525795003080,9159.97,9159.98
1525795007307,9159.97,9159.98
1525795011401,9159.97,9159.98
1525795014380,9159.97,9159.98
1525795018003,9159.97,9159.98
1525795022160,9159.97,9159.98
1525795025426,9159.97,9159.98
1525795029500,9159.97,9159.98
1525795033360,9159.99,9160
1525795037287,9159.99,9160
1525795041027,9159.99,9160
1525795044425,9159.99,9160
1525795046146,9159.99,9160
1525795046146,9159.99,9160
1525795056052,9159.99,9160
1525795059771,9159.99,9160
1525795063392,9159.99,9160
1525795067821,9159.99,9160
1525795071485,9159.99,9160
1525795074258,9159.99,9160
1525795077044,9159.99,9160
1525795082155,9159.99,9160
1525795086516,9159.99,9160
1525795089386,9159.99,9160
1525795093857,9159.99,9160
1525795096809,9159.99,9160
1525795100035,9159.99,9160
1525795105372,9159.99,9160
1525795108987,9159.99,9160
1525795112720,9159.99,9160
1525795115624,9159.99,9160
1525795120204,9159.99,9160
1525795124003,9159.99,9160
1525795126952,9159.99,9160
1525795131852,9159.99,9160
1525795136212,9159.99,9160
1525795139129,9159.99,9160
1525795142265,9162.57,9162.58
1525795148102,9162.86,9162.87
1525795151798,9162.86,9162.87
1525795152986,9162.86,9162.87
1525795158683,9163.74,9163.75
1525795162817,9172.75,9172.76
1525795166172,9172.75,9172.76
1525795170540,9172.75,9172.76
1525795173675,9172.75,9172.76
1525795177663,9173.13,9173.14
1525795180353,9173.13,9173.14
1525795184845,9173.13,9173.14
1525795187955,9173.13,9173.14
1525795192417,9173.13,9173.14
1525795194802,9173.13,9173.14
1525795194802,9173.13,9173.14
1525795203657,9173.15,9173.16
1525795207315,9173.15,9173.16
1525795211357,9173.15,9173.16
1525795215392,9173.15,9173.16
1525795218194,9173.15,9173.16
1525795222670,9173.15,9173.16
1525795225276,9167.24,9167.52
1525795230908,9160.01,9160.02
1525795234683,9159.99,9160
1525795237446,9159,9159.01
1525795241350,9157.44,9157.45
1525795245585,9157.44,9157.45
1525795248850,9157.44,9157.45
1525795252714,9156,9156.01
1525795256531,9156,9156.01
1525795260900,9156,9156.01
1525795264612,9156,9156.01
1525795264612,9156,9156.01
1525795272263,9156,9156.01
1525795275728,9157.44,9157.45
1525795279814,9159.73,9159.74
1525795283278,9159.73,9159.74
1525795287273,9159.99,9160
1525795290539,9159.99,9160
1525795293038,9159.99,9160
1525795298519,9168.64,9168.65
1525795301596,9168.64,9168.65
1525795306847,9168.64,9168.65
1525795311868,9168.64,9168.65
1525795315212,9168.64,9168.65
1525795318722,9168.64,9168.65
1525795322124,9168.64,9168.65
1525795325469,9168.64,9168.65
1525795330300,9168.64,9168.65
1525795332988,9168.64,9168.65
1525795337807,9166.92,9166.93
1525795340684,9166.92,9166.93
1525795344597,9166.92,9166.93
1525795348600,9166.92,9166.93
1525795352382,9166.92,9166.93
1525795355533,9166.92,9166.93
1525795359224,9166.92,9166.93
1525795363990,9166.92,9166.93
1525795365413,9166.92,9166.93
1525795370671,9166.92,9166.93
1525795373655,9166.92,9166.93
1525795377864,9166.92,9166.93
1525795381593,9166.92,9166.93
1525795385272,9166.92,9166.93
1525795389057,9166.92,9166.93
1525795392532,9166.92,9166.93
1525795395903,9166.92,9166.93
1525795400595,9166.92,9166.93
1525795403560,9166.92,9166.93
1525795406464,9166.92,9166.93
1525795411764,9166.92,9166.93
1525795415697,9166.92,9166.93
1525795418837,9166.92,9166.93
1525795420045,9166.92,9166.93
1525795425740,9166.92,9166.93
1525795425740,9166.92,9166.93
1525795436028,9166.92,9166.93
1525795438860,9166.92,9166.93
1525795442709,9166.92,9166.93
1525795448492,9164.9,9164.91
1525795452534,9164.9,9164.91
1525795455383,9164.9,9164.91
1525795459812,9161.74,9161.75
1525795463448,9161.74,9161.75
1525795467195,9161.74,9161.75
1525795470917,9161.74,9161.75
1525795474205,9161.74,9161.75
1525795478225,9157.46,9157.47
1525795482599,9156,9156.01
1525795485446,9156,9156.01
1525795489392,9156,9156.01
1525795493249,9156,9156.01
1525795496541,9156,9156.01
1525795500858,9156,9156.01
1525795502148,9156,9156.01
1525795505332,9156,9156.01
1525795510949,9156,9156.01
1525795516232,9156,9156.01
1525795519750,9156,9156.01
1525795522476,9156,9156.01
1525795526709,9156,9156.01
1525795530439,9156,9156.01
1525795534099,9156,9156.01
1525795538782,9156,9156.01
1525795541813,9156,9156.01
1525795545367,9156,9156.01
1525795549753,9156,9156.01
1525795553591,9156,9156.01
1525795555051,9156,9156.01
1525795555051,9156,9156.01
1525795562007,9156,9156.01
1525795568746,9156,9156.01
1525795570815,9156,9156.01
1525795576745,9156,9156.01
1525795580067,9156,9156.01
1525795583564,9156,9156.01
1525795586776,9156,9156.01
1525795591545,9156,9156.01
1525795593831,9156,9156.01
1525795595014,9156,9156.01
1525795602549,9156,9156.01
1525795606129,9156,9156.01
1525795609608,9156,9156.01
1525795612835,9156,9156.01
1525795616315,9156,9156.01
1525795620156,9156,9156.01
1525795625224,9156,9156.01
1525795627849,9156,9156.01
1525795632095,9156,9156.01
1525795635633,9156,9156.01
1525795638758,9156,9156.01
1525795642465,9156,9156.01
1525795647632,9156,9156.01
1525795650964,9156,9156.01
1525795650964,9156,9156.01
1525795658010,9156,9156.01
1525795662196,9156,9156.01
1525795666597,9156,9156.01
1525795668200,9156,9156.01
1525795673414,9156,9156.01
1525795677324,9156,9156.01
1525795677324,9156,9156.01
1525795685126,9156,9156.01
1525795687672,9156,9156.01
1525795693292,9156,9156.01
1525795695846,9156,9156.01
1525795700196,9156,9156.01
1525795704818,9156,9156.01
1525795708536,9156,9156.01
1525795711961,9156,9156.01
1525795714531,9156,9156.01
1525795719581,9156,9156.01
1525795721881,9156,9156.01
1525795726800,9156,9156.01
1525795730319,9156,9156.01
1525795733792,9156,9156.01
1525795737539,9156,9156.01
1525795742188,9156,9156.01
1525795745404,9156,9156.01
1525795749652,9156.09,9156.1
1525795752981,9156.09,9156.1
1525795757200,9156.09,9156.1
1525795760677,9156.09,9156.1
1525795763260,9156.09,9156.1
1525795768604,9156.09,9156.1
1525795770934,9156.09,9156.1
1525795775820,9156.09,9156.1
1525795778945,9156.09,9156.1
1525795783270,9156.09,9156.1
1525795787007,9156.09,9156.1
1525795790656,9156.09,9156.1
1525795794065,9156.09,9156.1
1525795798391,9156.09,9156.1
1525795801805,9156.09,9156.1
1525795805300,9156.09,9156.1
1525795808838,9156.09,9156.1
1525795813303,9158.99,9159
1525795816704,9158.99,9159
1525795820832,9158.99,9159
1525795824328,9158.99,9159
1525795826647,9158.99,9159
1525795831567,9158.99,9159
1525795836616,9158.99,9159
1525795840014,9158.99,9159
1525795844201,9158.99,9159
1525795848423,9158.99,9159
1525795852345,9158.99,9159
1525795859328,9158.99,9159
1525795864660,9158.99,9159
1525795867806,9158.99,9159
1525795871692,9158.99,9159
1525795875200,9158.99,9159
1525795880142,9158.99,9159
1525795884691,9158.99,9159
1525795887791,9158.99,9159
1525795890632,9158.99,9159
1525795894576,9158.99,9159
1525795899220,9158.99,9159
1525795902440,9158.99,9159
1525795906930,9158.99,9159
1525795909168,9158.99,9159
1525795913549,9158.99,9159
1525795917601,9158.99,9159
1525795918896,9158.99,9159
1525795925023,9158.99,9159
1525795927504,9158.99,9159
1525795932103,9158.99,9159
1525795933444,9158.99,9159
1525795939160,9158.99,9159
1525795944808,9158.99,9159
1525795944808,9158.99,9159
1525795950437,9158.99,9159
1525795960723,9158.99,9159
1525795965331,9158.99,9159
1525795969038,9158.99,9159
1525795972531,9158.99,9159
1525795976359,9158.99,9159
1525795980991,9158.99,9159
1525795982131,9158.99,9159
1525795987669,9158.99,9159
1525795992616,9158.07,9158.08
1525795995705,9158.07,9158.08
1525795999199,9156.17,9156.18
1525796002576,9156.17,9156.18
1525796006603,9156.17,9156.18
1525796010280,9156.17,9156.18
1525796014680,9156.17,9156.18
1525796014680,9156.17,9156.18
1525796022353,9156.17,9156.18
1525796022353,9156.17,9156.18
1525796029908,9156.17,9156.18
1525796032549,9156.17,9156.18
1525796035197,9156.17,9156.18
1525796041896,9156.17,9156.18
1525796045352,9156.17,9156.18
1525796048932,9156.17,9156.18
1525796052344,9156.17,9156.18
1525796052344,9156.17,9156.18
1525796057868,9156.17,9156.18
1525796063506,9156.17,9156.18
1525796067487,9156.17,9156.18
1525796071287,9156.17,9156.18
1525796075646,9157.99,9158
1525796078240,9157.99,9158
1525796082383,9157.99,9158
1525796086095,9157.99,9158
1525796090036,9157.99,9158
1525796092753,9157.99,9158
1525796097889,9157.99,9158
1525796100328,9156.17,9156.18
1525796105251,9156.17,9156.18
1525796108821,9156.17,9156.18
1525796112909,9156.17,9156.18
1525796116581,9156.17,9156.18
1525796120739,9156.17,9156.18
1525796125905,9156.17,9156.18
1525796129655,9156.17,9156.18
1525796132060,9156.17,9156.18
1525796137967,9156.17,9156.18
1525796141186,9156.17,9156.18
1525796144760,9156.17,9156.18
1525796148818,9156.17,9156.18
1525796152817,9156.17,9156.18
1525796156676,9156.17,9156.18
1525796156676,9156.17,9156.18
1525796163500,9153.93,9153.94
1525796168071,9153.93,9153.94
1525796173577,9149.49,9149.5
1525796175148,9149.49,9149.5
1525796180943,9149.49,9149.5
1525796184547,9149.49,9149.5
1525796188651,9149.49,9149.5
1525796192651,9149.49,9149.5
1525796197820,9149.49,9149.5
1525796201428,9149.49,9149.5
1525796205676,9149.49,9149.5
1525796208728,9149.49,9149.5
1525796208728,9149.49,9149.5
1525796216348,9149.49,9149.5
1525796221623,9149.49,9149.5
1525796222808,9149.49,9149.5
1525796228985,9149.49,9149.5
1525796232653,9149.49,9149.5
1525796236094,9149.49,9149.5
1525796240696,9149.49,9149.5
1525796241772,9149.49,9149.5
1525796247228,9149.49,9149.5
1525796251578,9149.49,9149.5
1525796255136,9149.49,9149.5
1525796259235,9149.49,9149.5
1525796262780,9149.49,9149.5
1525796266817,9149.49,9149.5
1525796269874,9149.49,9149.5
1525796274062,9149.49,9149.5
1525796277525,9149.49,9149.5
1525796281564,9149.49,9149.5
1525796286381,9149.49,9149.5
1525796289724,9149.49,9149.5
1525796292329,9149.49,9149.5
1525796298224,9149.49,9149.5
1525796298224,9149.49,9149.5
1525796306448,9141.82,9141.83
1525796309208,9141.82,9141.83
1525796314267,9141.82,9141.83
1525796318325,9141.82,9141.83
1525796321917,9141.82,9141.83
1525796326653,9141.82,9141.83
1525796329200,9141.82,9141.83
1525796333705,9141.82,9141.83
1525796337149,9141.82,9141.83
1525796342415,9141.82,9141.83
1525796345842,9141.82,9141.83
1525796349277,9141.82,9141.83
1525796353000,9141.82,9141.83
1525796353000,9141.82,9141.83
1525796361482,9141.82,9141.83
1525796364719,9141.82,9141.83
1525796368464,9141.82,9141.83
1525796372517,9141.82,9141.83
1525796376244,9141.82,9141.83
1525796380081,9141.82,9141.83
1525796383158,9141.82,9141.83
1525796385091,9141.82,9141.83
1525796393401,9141.82,9141.83
1525796395705,9141.82,9141.83
1525796400966,9141.82,9141.83
1525796404365,9141.82,9141.83
1525796408700,9141.82,9141.83
1525796412139,9141.82,9141.83
1525796416212,9141.82,9141.83
1525796420095,9141.82,9141.83
1525796421241,9141.82,9141.83
1525796427971,9141.82,9141.83
1525796432046,9141.82,9141.83
1525796435756,9141.82,9141.83
1525796438853,9141.82,9141.83
1525796442472,9141.82,9141.83
1525796446825,9141.82,9141.83
1525796450156,9141.82,9141.83
1525796454900,9141.82,9141.83
1525796458034,9141.82,9141.83
1525796461868,9141.82,9141.83
1525796465553,9141.82,9141.83
1525796469840,9141.82,9141.83
1525796473610,9141.82,9141.83
1525796478045,9141.82,9141.83
1525796481168,9141.82,9141.83
1525796485194,9141.82,9141.83
1525796490078,9141.82,9141.83
1525796493564,9141.82,9141.83
1525796496910,9141.82,9141.83
1525796501134,9141.11,9141.12
1525796504383,9141.11,9141.12
1525796507949,9141.11,9141.12
1525796512880,9141.11,9141.12
1525796516688,9141.11,9141.12
1525796519052,9141.11,9141.12
1525796523561,9141.11,9141.12
1525796528567,9141.1,9141.11
1525796532357,9141.1,9141.11
1525796535972,9141.1,9141.11
1525796539332,9141.1,9141.11
1525796542965,9141.1,9141.11
1525796545883,9141.1,9141.11
1525796550604,9141.1,9141.11
1525796555636,9141.1,9141.11
1525796559272,9141.1,9141.11
1525796562429,9141.1,9141.11
1525796564950,9141.1,9141.11
1525796568953,9141.1,9141.11
1525796573654,9141.1,9141.11
1525796578384,9141.1,9141.11
1525796581854,9141.1,9141.11
1525796585222,9141.1,9141.11
1525796589480,9141.1,9141.11
1525796592729,9141.1,9141.11
1525796597830,9141.1,9141.11
1525796601367,9140.07,9140.08
1525796604791,9140.07,9140.08
1525796609166,9140.07,9140.08
1525796611779,9140.07,9140.08
1525796616016,9140.07,9140.08
1525796620013,9140.07,9140.08
1525796624080,9140.07,9140.08
1525796627268,9140.07,9140.1
1525796631532,9140.07,9140.08
1525796634863,9140.07,9140.08
1525796639464,9140.07,9140.08
1525796642807,9140.07,9140.08
1525796645757,9140.07,9140.08
1525796650281,9140.07,9140.08
1525796650281,9140.07,9140.08
1525796658396,9140.07,9140.08
1525796661304,9140.07,9140.08
1525796665447,9140.07,9140.08
1525796668657,9140.07,9140.08
1525796669940,9140.07,9140.08
1525796676409,9140.07,9140.08
1525796679885,9140.07,9140.08
1525796684717,9139.9,9139.91
1525796688118,9137.84,9137.85
1525796690580,9137.84,9137.85
1525796695995,9137.84,9137.85
1525796698315,9137.84,9137.85
1525796702491,9137.84,9137.85
1525796706640,9137.84,9137.85
1525796709321,9137.84,9137.85
1525796713927,9137.84,9137.85
1525796717755,9137.84,9137.85
1525796720337,9137.84,9137.85
1525796725129,9136,9136.01
1525796729038,9136,9136.01
1525796732964,9136,9136.01
1525796736370,9136,9136.01
1525796738935,9136,9136.01
1525796743865,9136,9136.01
1525796747739,9136,9136.01
1525796748858,9136,9136.01
1525796755083,9136,9136.01
1525796755083,9136,9136.01
1525796760967,9136,9136.01
1525796766504,9135.78,9135.79
1525796771112,9133.91,9133.92
1525796775155,9134.82,9134.83
1525796777934,9134.82,9134.83
1525796780607,9134.82,9134.83
1525796780607,9134.82,9134.83
1525796786956,9134.82,9134.83
1525796792712,9134.82,9134.83
1525796797493,9134.82,9134.83
1525796801376,9136,9136.01
1525796805265,9136,9136.01
1525796809979,9136,9136.01
1525796813339,9136,9136.01
1525796816120,9136,9136.01
1525796820429,9136,9136.01
1525796822999,9136,9136.01
1525796827761,9136,9136.01
1525796831508,9136,9136.01
1525796835047,9136,9136.01
1525796839680,9136,9136.01
1525796843056,9136,9136.01
1525796846835,9136,9136.01
1525796849255,9136,9136.01
1525796854427,9136,9136.01
1525796858309,9136,9136.01
1525796858309,9136,9136.01
1525796863347,9136,9136.01
1525796868859,9136,9136.01
1525796868859,9136,9136.01
1525796875985,9136,9136.01
1525796875985,9136,9136.01
1525796884973,9136,9136.01
1525796889055,9136,9136.01
1525796889055,9136,9136.01
1525796895931,9136,9136.01
1525796898475,9136,9136.01
1525796902627,9136,9136.01
1525796907059,9136,9136.01
1525796910628,9136,9136.01
1525796913497,9136,9136.01
1525796916889,9136,9136.01
1525796921428,9136,9136.01
1525796925454,9136,9136.01
1525796929237,9136,9136.01
1525796932538,9136,9136.01
1525796937167,9137.24,9137.25
