time,bid,ask
1525783064648,9093.00000,9099.10000
1525783071178,9094.40000,9098.20000
1525783074993,9094.40000,9095.10000
1525783079926,9094.90000,9096.80000
1525783084096,9095.00000,9096.70000
1525783087694,9095.00000,9096.70000
1525783091343,9095.00000,9096.40000
1525783095517,9090.10000,9094.40000
1525783098300,9090.10000,9094.40000
1525783102322,9099.30000,9102.00000
1525783106160,9099.30000,9101.90000
1525783109250,9099.40000,9101.90000
1525783109250,9099.40000,9101.90000
1525783119055,9099.40000,9101.50000
1525783123102,9101.20000,9102.60000
1525783125973,9101.20000,9102.60000
1525783130446,9101.20000,9105.90000
1525783134687,9099.40000,9105.00000
1525783137933,9099.40000,9105.00000
1525783141642,9101.10000,9104.60000
1525783145273,9104.50000,9104.60000
1525783148407,9104.50000,9104.60000
1525783153530,9104.50000,9104.60000
1525783157070,9104.50000,9104.60000
1525783161570,9104.80000,9105.00000
1525783164144,9104.80000,9105.00000
1525783171443,9104.80000,9104.90000
1525783177341,9104.80000,9106.60000
1525783181423,9104.90000,9105.00000
1525783184014,9104.90000,9105.00000
1525783188862,9105.10000,9106.90000
1525783193907,9106.80000,9106.90000
1525783196631,9106.80000,9106.90000
1525783200009,9106.80000,9106.90000
1525783200009,9106.80000,9106.90000
1525783209401,9106.90000,9113.60000
1525783213331,9108.90000,9113.60000
1525783216927,9109.00000,9117.00000
1525783220985,9109.00000,9117.00000
1525783224994,9112.70000,9117.00000
1525783229229,9112.70000,9117.00000
1525783232766,9112.70000,9117.00000
1525783237244,9112.70000,9117.00000
1525783242035,9112.80000,9117.00000
1525783245654,9112.80000,9120.00000
1525783250028,9112.80000,9118.00000
1525783254476,9116.30000,9118.00000
1525783262182,9116.30000,9119.90000
1525783267870,9116.30000,9119.90000
1525783269458,9116.30000,9120.00000
1525783276270,9116.40000,9120.00000
1525783279846,9116.40000,9121.90000
1525783285146,9116.40000,9127.90000
1525783288122,9116.30000,9124.00000
1525783288122,9116.30000,9124.00000
1525783295921,9116.60000,9123.70000
1525783300385,9116.40000,9121.10000
1525783304330,9116.40000,9121.00000
1525783307079,9116.30000,9121.00000
1525783307079,9116.30000,9121.00000
1525783314230,9119.10000,9119.20000
1525783318372,9119.10000,9119.20000
1525783322631,9119.10000,9119.20000
1525783326592,9112.50000,9119.20000
1525783329783,9119.00000,9119.20000
1525783334953,9119.00000,9119.20000
1525783339702,9119.00000,9119.20000
1525783342618,9119.00000,9119.20000
1525783345478,9119.00000,9119.20000
1525783351238,9119.00000,9119.20000
1525783354425,9119.00000,9120.70000
1525783357560,9119.00000,9127.60000
1525783362304,9119.00000,9124.00000
1525783365190,9119.00000,9122.00000
1525783369038,9119.00000,9121.90000
1525783372239,9119.00000,9121.90000
1525783372239,9119.00000,9121.90000
1525783379736,9118.20000,9121.20000
1525783382820,9118.20000,9121.20000
1525783386383,9120.00000,9121.00000
1525783391022,9120.00000,9121.10000
1525783393953,9120.00000,9120.10000
1525783397665,9120.00000,9120.10000
1525783402792,9120.00000,9120.10000
1525783406262,9120.00000,9120.10000
1525783410626,9120.00000,9120.10000
1525783413803,9120.00000,9120.10000
1525783417671,9120.00000,9120.10000
1525783421599,9118.20000,9118.50000
1525783424378,9118.20000,9118.50000
1525783428675,9118.20000,9118.30000
1525783432089,9116.00000,9118.20000
1525783436251,9116.00000,9118.00000
1525783437839,9115.90000,9117.80000
1525783441837,9115.90000,9117.40000
1525783445087,9115.90000,9117.40000
1525783449634,9115.90000,9117.30000
1525783454152,9115.90000,9117.20000
1525783458878,9115.90000,9117.10000
1525783466310,9115.90000,9116.40000
1525783470105,9115.90000,9116.20000
1525783474138,9115.90000,9116.20000
1525783478097,9115.90000,9116.00000
1525783483297,9115.90000,9116.00000
1525783486145,9115.00000,9115.90000
1525783489992,9112.50000,9115.90000
1525783494166,9112.50000,9115.00000
1525783496730,9112.50000,9114.90000
1525783501179,9112.40000,9114.80000
1525783505287,9112.40000,9114.60000
1525783509725,9112.40000,9114.50000
1525783513419,9112.40000,9114.50000
1525783515506,9112.40000,9114.50000
1525783519811,9112.50000,9114.40000
1525783523276,9112.50000,9114.30000
1525783528005,9112.40000,9112.70000
1525783528005,9112.40000,9112.70000
1525783534960,9112.40000,9112.60000
1525783538838,9112.40000,9112.60000
1525783542742,9112.40000,9112.50000
1525783545158,9112.40000,9112.50000
1525783549461,9112.40000,9112.70000
1525783554289,9112.40000,9112.60000
1525783556925,9112.40000,9112.60000
1525783561346,9112.50000,9112.60000
1525783565275,9112.50000,9113.20000
1525783569290,9112.50000,9113.20000
1525783572095,9112.50000,9114.40000
1525783575761,9112.60000,9114.40000
1525783580298,9112.40000,9114.00000
1525783584056,9112.90000,9113.90000
1525783586448,9112.90000,9113.90000
1525783590539,9112.40000,9114.40000
1525783594378,9112.40000,9114.30000
1525783598151,9113.00000,9114.20000
1525783602517,9113.00000,9114.20000
1525783604994,9113.10000,9113.90000
1525783609717,9114.30000,9114.40000
1525783613904,9114.30000,9114.40000
1525783617265,9114.30000,9114.40000
1525783620422,9114.30000,9114.40000
1525783625194,9114.30000,9114.40000
1525783627838,9114.30000,9114.40000
1525783632279,9114.40000,9115.80000
1525783636808,9114.90000,9115.00000
1525783640680,9115.00000,9115.80000
1525783644154,9115.00000,9115.80000
1525783647451,9115.10000,9115.80000
1525783652511,9115.90000,9116.30000
1525783655042,9116.20000,9116.30000
1525783659699,9116.20000,9116.30000
1525783663167,9116.20000,9116.30000
1525783666104,9116.20000,9116.30000
1525783670466,9116.20000,9116.30000
1525783673962,9116.40000,9118.00000
1525783677743,9118.00000,9119.90000
1525783681290,9119.80000,9120.00000
1525783681290,9119.80000,9120.00000
1525783691410,9119.80000,9120.00000
1525783694314,9119.80000,9120.00000
1525783698676,9119.80000,9120.00000
1525783701534,9119.80000,9120.00000
1525783706173,9119.90000,9120.00000
1525783709333,9119.90000,9120.00000
1525783712575,9119.90000,9120.00000
1525783716171,9119.90000,9120.00000
1525783720255,9119.90000,9120.00000
1525783723954,9120.30000,9121.00000
1525783728762,9120.90000,9121.00000
1525783731429,9120.90000,9121.00000
1525783735430,9120.90000,9121.00000
1525783738231,9120.90000,9121.00000
1525783743961,9120.90000,9121.00000
1525783746708,9120.90000,9121.00000
1525783750830,9121.90000,9124.70000
1525783754185,9121.90000,9124.70000
1525783758541,9125.60000,9127.30000
1525783761616,9134.90000,9135.00000
1525783765491,9134.90000,9135.00000
1525783769048,9134.90000,9135.00000
1525783773485,9135.00000,9141.60000
1525783777351,9135.20000,9141.40000
1525783781534,9140.80000,9141.40000
1525783785502,9144.00000,9146.10000
1525783789396,9140.80000,9143.90000
1525783793243,9140.80000,9143.90000
1525783796722,9140.80000,9147.00000
1525783800849,9140.90000,9147.00000
1525783803102,9144.90000,9147.00000
1525783806611,9146.40000,9146.70000
1525783810594,9146.40000,9146.60000
1525783815158,9146.50000,9146.90000
1525783817890,9146.80000,9148.90000
1525783821121,9146.90000,9148.90000
1525783826218,9147.00000,9148.70000
1525783828917,9147.00000,9148.70000
1525783833683,9148.50000,9148.60000
1525783836805,9148.50000,9148.60000
1525783840241,9148.50000,9148.70000
1525783844419,9148.40000,9148.70000
1525783847888,9148.40000,9148.70000
1525783851464,9148.50000,9148.70000
1525783855718,9148.50000,9148.70000
1525783859778,9148.50000,9148.70000
1525783861064,9148.50000,9148.70000
1525783866360,9148.50000,9148.70000
1525783870650,9148.50000,9149.00000
1525783873389,9148.50000,9149.00000
1525783878045,9148.50000,9149.00000
1525783882728,9145.80000,9149.00000
1525783886956,9145.90000,9149.00000
1525783890009,9145.90000,9149.00000
1525783893814,9146.00000,9148.30000
1525783896603,9148.20000,9148.30000
1525783899370,9148.20000,9148.30000
1525783903281,9148.20000,9148.30000
1525783908482,9148.20000,9148.30000
1525783912541,9145.00000,9148.30000
1525783916242,9144.20000,9146.00000
1525783919944,9141.40000,9142.30000
1525783921444,9141.40000,9142.30000
1525783927149,9125.50000,9135.00000
1525783930946,9126.30000,9130.50000
1525783935203,9126.30000,9130.40000
1525783938571,9126.40000,9130.40000
1525783942737,9126.40000,9126.60000
1525783946847,9126.40000,9126.60000
1525783948234,9126.40000,9126.60000
1525783954611,9125.50000,9126.50000
1525783957206,9125.50000,9126.50000
1525783961405,9126.40000,9126.60000
1525783965662,9126.40000,9126.60000
1525783968290,9126.50000,9126.60000
1525783972318,9126.50000,9130.30000
1525783976446,9126.70000,9129.70000
1525783979336,9126.70000,9129.70000
1525783982364,9125.60000,9134.40000
1525783986498,9126.90000,9134.30000
1525783990755,9126.90000,9131.70000
1525783995565,9127.10000,9134.40000
1525783998937,9127.20000,9134.40000
1525784003401,9127.20000,9134.40000
1525784006192,9127.20000,9134.40000
1525784010160,9127.20000,9134.40000
1525784012962,9127.50000,9134.40000
1525784017959,9127.60000,9134.40000
1525784021467,9127.70000,9134.40000
1525784025864,9127.20000,9134.30000
1525784030198,9128.00000,9134.30000
1525784032958,9128.10000,9134.30000
1525784037557,9134.20000,9134.30000
1525784040469,9128.40000,9134.30000
1525784041696,9128.40000,9134.30000
1525784048251,9133.90000,9134.30000
1525784052250,9133.90000,9134.30000
1525784056040,9133.90000,9134.30000
1525784058851,9133.90000,9134.30000
1525784062609,9134.00000,9134.30000
1525784066784,9134.00000,9134.30000
1525784070406,9134.00000,9134.30000
1525784074517,9134.00000,9134.30000
1525784078293,9134.10000,9134.30000
1525784081539,9134.00000,9134.30000
1525784085267,9134.00000,9134.30000
1525784089471,9134.00000,9134.40000
1525784093406,9134.10000,9134.40000
1525784098810,9134.30000,9134.40000
1525784100379,9134.30000,9134.40000
1525784105315,9134.30000,9134.40000
1525784109109,9134.40000,9136.30000
1525784113296,9135.40000,9136.30000
1525784117472,9136.20000,9136.30000
1525784120843,9136.20000,9136.30000
1525784124456,9136.30000,9138.10000
1525784128114,9136.40000,9138.10000
1525784131448,9136.50000,9138.10000
1525784134750,9136.40000,9138.10000
1525784138429,9136.60000,9138.10000
1525784142157,9136.70000,9138.10000
1525784142157,9136.70000,9138.10000
1525784149841,9136.30000,9138.10000
1525784153961,9137.90000,9138.10000
1525784156362,9137.90000,9138.10000
1525784160586,9137.90000,9138.10000
1525784165007,9137.90000,9138.10000
1525784168193,9137.90000,9138.10000
1525784173153,9137.90000,9138.10000
1525784174511,9137.90000,9138.10000
1525784180395,9137.90000,9138.10000
1525784181902,9139.00000,9140.00000
1525784187848,9139.80000,9139.90000
1525784192493,9139.80000,9140.00000
1525784196549,9139.90000,9140.00000
1525784199662,9139.90000,9140.00000
1525784204032,9139.90000,9140.00000
1525784207407,9139.90000,9140.00000
1525784210834,9139.90000,9140.00000
1525784214442,9139.90000,9140.00000
1525784218934,9139.90000,9140.00000
1525784222490,9139.90000,9140.00000
1525784225500,9139.90000,9140.00000
1525784229243,9139.90000,9140.00000
1525784232002,9139.90000,9140.00000
1525784236830,9139.80000,9140.00000
1525784239722,9139.80000,9139.90000
1525784243702,9139.70000,9139.80000
1525784246446,9139.70000,9139.80000
1525784250435,9139.70000,9139.80000
1525784254963,9139.70000,9139.90000
1525784257862,9139.70000,9140.00000
1525784261645,9139.70000,9139.90000
1525784265955,9139.70000,9139.80000
1525784270057,9139.70000,9139.80000
1525784273477,9139.60000,9139.70000
1525784276684,9134.40000,9134.90000
1525784281877,9134.40000,9134.50000
1525784285114,9134.40000,9134.50000
1525784289146,9134.40000,9134.50000
1525784293034,9134.40000,9134.50000
1525784295734,9134.40000,9135.00000
1525784300343,9134.40000,9135.00000
1525784304195,9134.40000,9134.90000
1525784308398,9134.40000,9135.00000
1525784312425,9134.60000,9135.00000
1525784316026,9134.40000,9135.00000
1525784319044,9134.40000,9135.00000
1525784323065,9134.40000,9135.00000
1525784326937,9134.40000,9134.60000
1525784331354,9134.40000,9134.50000
1525784335115,9134.40000,9134.50000
1525784337702,9134.40000,9134.50000
1525784342663,9134.40000,9134.50000
1525784345670,9134.40000,9134.50000
1525784348821,9134.40000,9134.50000
1525784352906,9134.40000,9134.50000
1525784356681,9134.40000,9134.50000
1525784359519,9134.40000,9134.50000
1525784365498,9134.40000,9134.50000
1525784367973,9134.40000,9134.50000
1525784372338,9134.40000,9134.50000
1525784375869,9134.40000,9134.50000
1525784378943,9134.40000,9134.50000
1525784383748,9134.40000,9134.50000
1525784386650,9134.40000,9134.50000
1525784391028,9134.40000,9134.50000
1525784395149,9134.40000,9134.50000
1525784398985,9134.40000,9134.50000
1525784400430,9134.40000,9134.50000
1525784405415,9126.60000,9134.30000
1525784409409,9126.60000,9134.20000
1525784413700,9126.60000,9134.20000
1525784417234,9127.20000,9134.20000
1525784421530,9127.20000,9134.10000
1525784425690,9127.30000,9134.00000
1525784428868,9127.50000,9134.00000
1525784432002,9127.50000,9134.00000
1525784436274,9127.60000,9130.60000
1525784440425,9126.60000,9130.50000
1525784444235,9126.60000,9130.50000
1525784448439,9126.60000,9134.40000
1525784450247,9126.60000,9134.40000
1525784455438,9126.60000,9134.20000
1525784458542,9126.60000,9134.20000
1525784463467,9126.60000,9134.00000
1525784467087,9126.60000,9133.90000
1525784469819,9126.60000,9133.90000
1525784474253,9126.60000,9134.00000
1525784477375,9126.60000,9133.20000
1525784481236,9126.60000,9126.70000
1525784485123,9126.60000,9126.70000
1525784488243,9126.60000,9126.70000
1525784492321,9126.60000,9126.70000
1525784496810,9126.60000,9126.70000
1525784500017,9126.60000,9126.70000
1525784504001,9126.60000,9128.40000
1525784507722,9126.60000,9128.30000
1525784510350,9126.60000,9128.30000
1525784514790,9126.70000,9128.30000
1525784518238,9130.70000,9132.80000
1525784521677,9126.80000,9133.00000
1525784525318,9126.80000,9133.00000
1525784529323,9131.10000,9131.30000
1525784533795,9131.10000,9131.30000
1525784538049,9131.20000,9131.30000
1525784541354,9131.20000,9133.00000
1525784544317,9131.20000,9133.00000
1525784548769,9126.80000,9132.80000
1525784552169,9131.70000,9132.80000
1525784556190,9132.00000,9133.00000
1525784559775,9132.00000,9132.10000
1525784563682,9132.00000,9132.10000
1525784575878,9128.40000,9132.00000
1525784579293,9128.40000,9130.90000
1525784584799,9128.40000,9130.80000
1525784599326,9128.50000,9130.60000
1525784602149,9128.60000,9133.00000
1525784606838,9132.30000,9133.00000
1525784610350,9133.40000,9134.90000
1525784613680,9133.40000,9134.90000
1525784618784,9132.40000,9134.20000
1525784621606,9132.30000,9134.70000
1525784625423,9132.50000,9134.90000
1525784628631,9132.30000,9134.90000
1525784633130,9132.30000,9138.50000
1525784637234,9132.30000,9134.20000
1525784640118,9132.30000,9134.20000
1525784640118,9132.30000,9134.20000
1525784648406,9135.00000,9136.80000
1525784653062,9135.00000,9135.60000
1525784656401,9135.00000,9135.60000
1525784660200,9135.00000,9135.60000
1525784664404,9135.00000,9135.60000
1525784667494,9135.00000,9136.80000
1525784671311,9135.00000,9136.80000
1525784674077,9135.00000,9136.80000
1525784678618,9135.10000,9136.80000
1525784681559,9135.10000,9136.80000
1525784686212,9135.10000,9135.60000
1525784689583,9135.00000,9135.60000
1525784694256,9135.00000,9135.50000
1525784697746,9135.00000,9135.50000
1525784700952,9135.10000,9135.60000
1525784705547,9135.10000,9135.60000
1525784710233,9135.10000,9135.60000
1525784713992,9135.70000,9136.80000
1525784717414,9135.70000,9136.80000
1525784722666,9138.70000,9139.90000
1525784726372,9138.70000,9139.90000
1525784729487,9138.70000,9140.00000
1525784733708,9140.00000,9140.40000
1525784736304,9140.00000,9140.40000
1525784740725,9140.40000,9141.10000
1525784744189,9141.00000,9141.10000
1525784747607,9141.00000,9141.10000
1525784752848,9141.00000,9141.10000
1525784756635,9140.60000,9141.10000
1525784758133,9140.60000,9141.10000
1525784763938,9140.60000,9141.10000
1525784767551,9141.10000,9142.30000
1525784771288,9141.10000,9142.30000
1525784775111,9141.20000,9142.30000
1525784779221,9141.30000,9142.30000
1525784782923,9142.00000,9142.20000
1525784786614,9142.00000,9142.20000
1525784790373,9143.00000,9144.10000
1525784793971,9144.00000,9144.10000
1525784797677,9144.10000,9144.30000
1525784801627,9144.00000,9144.30000
1525784805109,9153.60000,9153.70000
1525784806583,9153.60000,9153.70000
1525784813049,9153.60000,9153.70000
1525784816667,9153.60000,9153.70000
1525784821111,9153.60000,9153.70000
1525784823470,9153.60000,9153.70000
1525784825338,9153.60000,9153.70000
1525784825338,9153.60000,9153.70000
1525784825338,9153.60000,9153.70000
1525784825338,9153.60000,9153.70000
1525784872400,9153.70000,9160.60000
1525784875538,9153.80000,9160.60000
1525784880132,9153.80000,9160.60000
1525784883266,9153.90000,9159.00000
1525784885900,9153.90000,9159.00000
1525784892223,9156.90000,9160.60000
1525784895862,9154.00000,9158.30000
1525784899647,9154.90000,9160.60000
1525784903652,9160.40000,9160.60000
1525784907110,9160.40000,9160.50000
1525784910354,9160.40000,9160.50000
1525784915195,9155.40000,9160.50000
1525784917570,9155.40000,9160.50000
1525784921705,9155.40000,9160.50000
1525784928565,9155.50000,9160.40000
1525784932052,9155.50000,9160.40000
1525784935625,9155.60000,9160.50000
1525784939664,9155.70000,9160.40000
1525784943782,9155.70000,9160.60000
1525784947473,9155.70000,9160.60000
1525784951482,9155.60000,9160.50000
1525784954753,9153.70000,9160.50000
1525784957357,9153.70000,9160.30000
1525784963358,9153.70000,9160.30000
1525784965977,9153.70000,9160.30000
1525784970514,9160.30000,9160.60000
1525784974468,9160.30000,9160.60000
1525784977722,9160.30000,9160.40000
1525784980746,9160.30000,9160.60000
1525784985683,9160.30000,9160.60000
1525784989309,9160.30000,9160.50000
1525784993481,9160.30000,9160.60000
1525784997609,9160.30000,9160.60000
1525785002024,9160.30000,9160.60000
1525785005274,9160.30000,9160.60000
1525785008611,9160.50000,9160.60000
1525785013975,9160.50000,9160.60000
1525785016854,9160.50000,9160.60000
1525785020434,9160.50000,9160.60000
1525785024127,9160.50000,9160.60000
1525785026601,9160.30000,9160.60000
1525785032803,9160.30000,9160.60000
1525785035715,9160.30000,9160.50000
1525785040093,9160.30000,9160.50000
1525785044265,9160.40000,9160.50000
1525785045829,9160.40000,9160.50000
1525785053803,9160.30000,9160.50000
1525785056049,9160.30000,9160.40000
1525785061343,9160.30000,9160.50000
1525785063680,9160.30000,9160.50000
1525785068147,9160.30000,9160.40000
1525785073281,9160.30000,9160.40000
1525785074663,9160.30000,9160.40000
1525785079906,9160.30000,9160.40000
1525785084704,9160.30000,9160.40000
1525785088611,9160.30000,9160.40000
1525785092456,9160.30000,9160.40000
1525785095512,9160.30000,9160.40000
1525785098794,9160.30000,9160.40000
1525785103662,9160.30000,9160.40000
1525785107331,9160.30000,9160.40000
1525785110904,9160.30000,9160.40000
1525785114755,9160.30000,9160.40000
1525785118210,9160.30000,9160.40000
1525785120712,9160.30000,9160.40000
1525785125447,9160.30000,9160.40000
1525785129503,9160.30000,9160.40000
1525785132144,9160.30000,9160.40000
1525785135846,9160.30000,9160.40000
1525785139855,9160.30000,9160.40000
1525785143984,9148.00000,9160.40000
1525785147511,9158.70000,9160.40000
1525785149952,9158.70000,9160.50000
1525785155443,9158.80000,9160.50000
1525785159250,9160.20000,9160.40000
1525785162035,9160.20000,9160.50000
1525785165531,9160.20000,9160.50000
1525785170850,9160.30000,9160.50000
1525785172198,9160.30000,9160.50000
1525785176247,9160.40000,9160.50000
1525785181401,9160.40000,9160.50000
1525785184973,9160.40000,9160.50000
1525785189618,9160.40000,9162.00000
1525785192851,9160.50000,9162.00000
1525785196529,9160.70000,9162.00000
1525785199146,9160.70000,9162.00000
1525785203924,9160.70000,9162.00000
1525785208125,9160.90000,9162.00000
1525785211646,9160.90000,9162.00000
1525785215451,9160.90000,9162.00000
1525785218091,9161.80000,9162.00000
1525785240853,9161.30000,9162.00000
1525785246374,9161.30000,9162.00000
1525785246374,9161.30000,9162.00000
1525785254714,9159.60000,9162.00000
1525785259031,9159.70000,9162.00000
1525785263013,9159.60000,9162.00000
1525785267402,9160.20000,9162.00000
1525785271148,9159.00000,9161.90000
1525785274810,9159.00000,9160.30000
1525785277599,9159.00000,9160.30000
1525785281837,9159.00000,9160.30000
1525785285086,9159.00000,9160.30000
1525785289107,9159.00000,9160.30000
1525785292751,9159.00000,9160.20000
1525785296419,9159.00000,9160.20000
1525785299516,9159.00000,9160.30000
1525785302632,9159.00000,9160.30000
1525785306989,9159.00000,9160.20000
1525785311386,9159.00000,9159.20000
1525785314873,9159.00000,9159.20000
1525785319342,9159.00000,9159.10000
1525785322666,9159.10000,9159.20000
1525785326058,9159.00000,9159.10000
1525785328145,9159.00000,9159.10000
1525785333337,9152.70000,9159.00000
1525785336799,9152.70000,9159.00000
1525785340361,9153.00000,9159.00000
1525785345050,9153.00000,9159.00000
1525785348773,9152.70000,9159.00000
1525785352522,9152.70000,9159.00000
1525785356290,9153.00000,9158.70000
1525785358951,9153.00000,9158.80000
1525785361912,9152.80000,9158.70000
1525785367609,9154.50000,9158.60000
1525785369916,9154.60000,9158.70000
1525785373735,9152.80000,9155.40000
1525785379996,9152.80000,9154.60000
1525785383766,9153.30000,9154.60000
1525785386463,9153.30000,9154.60000
1525785391104,9150.10000,9152.70000
1525785394564,9150.10000,9152.70000
1525785397912,9150.10000,9152.70000
1525785401603,9150.10000,9152.70000
1525785405629,9150.20000,9152.70000
1525785408850,9150.30000,9152.60000
1525785412129,9150.30000,9152.60000
1525785417344,9150.30000,9151.70000
1525785420323,9150.40000,9152.60000
1525785424577,9149.90000,9150.10000
1525785427839,9149.90000,9150.10000
1525785431144,9149.90000,9150.10000
1525785437086,9149.90000,9150.10000
1525785441307,9149.90000,9150.10000
1525785447443,9145.10000,9150.10000
1525785454081,9145.10000,9150.10000
1525785457426,9145.10000,9149.90000
1525785462753,9145.20000,9149.90000
1525785468162,9145.10000,9149.90000
1525785472927,9146.60000,9149.80000
1525785475793,9146.60000,9149.80000
1525785480148,9145.20000,9150.10000
1525785481384,9145.20000,9150.10000
1525785488738,9146.10000,9150.10000
1525785492442,9146.20000,9150.10000
1525785496439,9146.70000,9150.10000
1525785501039,9146.80000,9150.10000
1525785504943,9146.90000,9150.10000
1525785508828,9147.00000,9150.10000
1525785512506,9146.90000,9150.10000
1525785515857,9147.10000,9150.10000
1525785521219,9147.00000,9149.90000
1525785528377,9145.20000,9149.90000
1525785532149,9145.60000,9146.10000
1525785534340,9145.60000,9150.00000
1525785540138,9145.60000,9150.00000
1525785542210,9145.60000,9150.00000
1525785547737,9146.50000,9150.10000
1525785551608,9146.60000,9150.10000
1525785555020,9146.70000,9150.10000
1525785561759,9150.00000,9150.10000
1525785566192,9150.00000,9150.10000
1525785569867,9153.10000,9157.40000
1525785572817,9153.20000,9157.40000
1525785578157,9153.30000,9153.40000
1525785581459,9153.30000,9153.40000
1525785585229,9153.30000,9157.40000
1525785590752,9153.00000,9154.30000
1525785594338,9153.00000,9154.30000
1525785598365,9153.00000,9154.40000
1525785602262,9153.00000,9157.30000
1525785605501,9153.00000,9153.70000
1525785608952,9153.00000,9153.70000
1525785612516,9153.00000,9153.20000
1525785616178,9153.00000,9153.20000
1525785620229,9153.00000,9153.20000
1525785622602,9153.00000,9153.10000
1525785628354,9153.00000,9153.10000
1525785635578,9153.00000,9154.30000
1525785639983,9153.00000,9154.20000
1525785643801,9153.00000,9154.30000
1525785647418,9153.00000,9154.30000
1525785651197,9153.00000,9153.20000
1525785655664,9153.00000,9153.20000
1525785659256,9153.00000,9153.20000
1525785659256,9153.00000,9153.20000
1525785667307,9153.00000,9153.10000
1525785671249,9153.00000,9153.10000
1525785674953,9153.00000,9153.10000
1525785678418,9150.10000,9153.00000
1525785681412,9150.10000,9152.80000
1525785685169,9150.10000,9152.80000
1525785689346,9150.10000,9150.30000
1525785690495,9150.10000,9150.30000
1525785697162,9145.10000,9145.30000
1525785699422,9145.10000,9145.30000
1525785703854,9145.10000,9145.30000
1525785707161,9145.10000,9150.00000
1525785711446,9145.10000,9150.00000
1525785714618,9145.20000,9147.40000
1525785718757,9145.20000,9147.30000
1525785722313,9145.20000,9147.30000
1525785723774,9145.20000,9147.30000
1525785729804,9145.30000,9147.20000
1525785733872,9145.30000,9147.20000
1525785740066,9145.30000,9147.10000
1525785744710,9145.30000,9147.10000
1525785747390,9145.30000,9147.10000
1525785751722,9145.30000,9147.10000
1525785755311,9143.70000,9144.90000
1525785758715,9143.70000,9143.80000
1525785763110,9143.70000,9144.60000
1525785767182,9135.10000,9143.70000
1525785769762,9135.10000,9141.20000
1525785774030,9137.30000,9141.20000
1525785777214,9135.40000,9141.20000
1525785780486,9136.20000,9141.20000
1525785785034,9137.50000,9141.20000
1525785788288,9137.50000,9141.20000
1525785792879,9137.60000,9141.20000
1525785795269,9137.60000,9141.20000
1525785799893,9141.10000,9141.20000
1525785803805,9141.10000,9141.20000
1525785807204,9141.10000,9141.90000
1525785811383,9141.20000,9141.90000
1525785814185,9141.30000,9141.90000
1525785818390,9141.40000,9141.90000
1525785822326,9141.50000,9143.70000
1525785825737,9143.30000,9143.60000
1525785829611,9143.30000,9143.70000
1525785831865,9143.40000,9143.70000
1525785837434,9143.50000,9143.70000
1525785841218,9143.30000,9143.70000
1525785843499,9143.30000,9143.70000
1525785847984,9143.30000,9143.50000
1525785851170,9143.30000,9143.70000
1525785855476,9141.20000,9143.70000
1525785858548,9142.60000,9143.70000
1525785863356,9141.30000,9143.70000
1525785867825,9142.20000,9143.80000
1525785870557,9142.20000,9143.80000
1525785874715,9142.60000,9143.80000
1525785877132,9142.60000,9143.80000
1525785880721,9143.10000,9143.80000
1525785885366,9143.60000,9143.80000
1525785890041,9143.20000,9143.50000
1525785893506,9143.20000,9143.50000
1525785894732,9143.40000,9143.50000
1525785900663,9143.40000,9143.50000
1525785902303,9141.50000,9143.80000
1525785908143,9141.80000,9143.80000
1525785911422,9141.50000,9143.00000
1525785915571,9141.50000,9143.80000
1525785919805,9141.50000,9143.70000
1525785923329,9141.50000,9143.80000
1525785926193,9141.50000,9143.80000
1525785930084,9141.50000,9143.80000
1525785933770,9141.50000,9143.00000
1525785937314,9141.50000,9142.90000
1525785941748,9141.50000,9141.70000
1525785945213,9141.50000,9141.60000
1525785948954,9141.50000,9141.60000
1525785953048,9141.50000,9141.60000
1525785956165,9141.50000,9141.60000
1525785959141,9141.50000,9141.60000
1525785961966,9141.50000,9141.60000
1525785967467,9141.50000,9141.60000
1525785971435,9141.50000,9141.60000
1525785975447,9135.40000,9141.00000
1525785978890,9126.70000,9129.90000
1525785982043,9126.70000,9126.80000
1525785986490,9126.70000,9126.80000
1525785989153,9123.80000,9126.80000
1525785994301,9120.10000,9129.80000
1525785996602,9124.50000,9129.70000
1525786001552,9120.10000,9125.60000
1525786004077,9120.10000,9125.60000
1525786010006,9121.90000,9129.70000
1525786012666,9120.40000,9124.00000
1525786017377,9121.20000,9124.00000
1525786021099,9121.30000,9126.00000
1525786024587,9121.30000,9126.00000
1525786028190,9121.30000,9125.90000
1525786033103,9121.30000,9126.90000
1525786036989,9121.30000,9126.90000
1525786039470,9121.40000,9129.80000
1525786043176,9121.60000,9127.00000
1525786048558,9129.90000,9130.00000
1525786053346,9129.90000,9130.00000
1525786057325,9129.90000,9130.00000
1525786060950,9129.90000,9130.00000
1525786064541,9129.90000,9130.00000
1525786068319,9129.90000,9130.00000
1525786072249,9129.90000,9130.00000
1525786075185,9129.90000,9130.00000
1525786077904,9129.90000,9130.00000
1525786081521,9121.40000,9129.90000
1525786086462,9121.60000,9129.00000
1525786090558,9121.60000,9129.00000
1525786093896,9121.90000,9129.00000
1525786097462,9122.10000,9129.00000
1525786100597,9121.70000,9129.90000
1525786105462,9121.70000,9129.90000
1525786109445,9122.50000,9129.90000
1525786112667,9126.00000,9129.90000
1525786115488,9128.30000,9129.80000
1525786120177,9126.10000,9129.90000
1525786123823,9128.30000,9130.00000
1525786127870,9121.30000,9130.00000
1525786131639,9121.30000,9129.90000
1525786134656,9121.30000,9129.90000
1525786138118,9121.90000,9129.80000
1525786141965,9122.00000,9130.00000
1525786145334,9122.00000,9130.00000
1525786149517,9122.10000,9130.00000
1525786158366,9128.10000,9130.00000
1525786164288,9128.00000,9130.00000
1525786171171,9128.00000,9130.00000
1525786175290,9128.10000,9130.00000
1525786178528,9128.00000,9129.70000
1525786183368,9128.00000,9128.60000
1525786187833,9128.00000,9128.50000
1525786191913,9128.00000,9128.50000
1525786195794,9128.00000,9128.60000
1525786199682,9128.00000,9128.60000
1525786202476,9128.00000,9128.50000
1525786205854,9128.00000,9128.50000
1525786210233,9128.40000,9128.50000
1525786214134,9128.40000,9130.00000
1525786218174,9128.40000,9130.00000
1525786222103,9128.40000,9129.90000
1525786225846,9128.40000,9129.80000
1525786229319,9128.40000,9129.80000
1525786233318,9128.40000,9129.90000
1525786238110,9128.40000,9128.60000
1525786242041,9128.40000,9128.60000
1525786245901,9128.40000,9128.60000
1525786248181,9128.40000,9128.60000
1525786253315,9128.40000,9128.60000
1525786253315,9128.40000,9128.60000
1525786260390,9128.40000,9128.60000
1525786263870,9128.40000,9128.50000
1525786267584,9128.00000,9128.50000
1525786270298,9128.00000,9128.60000
1525786274511,9128.00000,9128.50000
1525786278575,9128.00000,9128.50000
1525786282925,9128.00000,9128.50000
1525786286247,9128.00000,9128.50000
1525786291294,9128.00000,9128.50000
1525786294809,9123.00000,9124.00000
1525786299166,9123.00000,9124.00000
1525786302276,9120.00000,9120.10000
1525786304655,9118.50000,9120.00000
1525786310207,9118.50000,9120.00000
1525786314264,9118.50000,9118.60000
1525786317707,9118.50000,9118.60000
1525786320675,9118.50000,9118.60000
1525786325318,9118.50000,9118.60000
1525786328867,9118.50000,9118.60000
1525786332387,9118.50000,9118.60000
1525786337469,9115.30000,9117.10000
1525786340577,9115.30000,9117.10000
1525786344922,9115.30000,9117.00000
1525786348773,9105.90000,9116.90000
1525786352164,9104.40000,9106.00000
1525786355591,9104.40000,9104.60000
1525786358957,9104.40000,9104.60000
1525786363684,9103.10000,9106.00000
1525786367102,9103.10000,9106.00000
1525786370560,9106.00000,9113.50000
1525786374940,9104.60000,9107.90000
1525786379651,9102.40000,9107.80000
1525786383042,9102.40000,9107.80000
1525786386943,9107.70000,9107.90000
1525786389297,9107.70000,9107.90000
1525786394534,9107.70000,9107.90000
1525786397816,9107.80000,9107.90000
1525786402614,9109.40000,9109.70000
1525786404875,9109.40000,9109.70000
1525786409505,9109.50000,9109.70000
1525786413572,9109.70000,9109.80000
1525786417216,9109.80000,9111.50000
1525786420593,9111.50000,9113.30000
1525786425514,9113.20000,9113.30000
1525786428330,9113.20000,9113.30000
1525786432659,9113.20000,9113.30000
1525786436323,9113.20000,9113.30000
1525786440087,9113.90000,9118.50000
1525786442850,9114.00000,9118.50000
1525786446800,9114.00000,9118.50000
1525786451415,9114.10000,9115.20000
1525786454456,9114.00000,9115.20000
1525786458326,9115.10000,9115.20000
1525786462714,9115.20000,9117.00000
1525786465237,9115.20000,9117.00000
1525786469434,9115.20000,9117.00000
1525786473942,9115.20000,9117.00000
1525786476734,9115.10000,9117.00000
1525786482037,9115.10000,9117.00000
1525786484746,9115.20000,9117.00000
1525786488676,9115.20000,9117.00000
1525786492946,9116.80000,9117.00000
1525786496444,9116.80000,9117.00000
1525786499995,9117.00000,9118.50000
1525786501453,9117.00000,9118.50000
1525786506665,9118.50000,9118.90000
1525786511268,9118.50000,9118.90000
1525786514482,9118.50000,9118.90000
1525786518062,9118.50000,9122.20000
1525786522677,9118.50000,9122.10000
1525786526188,9118.50000,9122.00000
1525786529829,9118.50000,9118.90000
1525786532613,9118.50000,9118.80000
1525786536975,9118.50000,9118.80000
1525786541021,9118.00000,9118.80000
1525786542306,9118.00000,9118.80000
1525786547753,9118.00000,9118.70000
1525786552036,9118.00000,9122.10000
1525786556430,9115.00000,9118.80000
1525786559062,9118.00000,9118.80000
1525786563907,9118.00000,9118.80000
1525786566978,9115.00000,9118.70000
1525786571521,9115.00000,9118.80000
1525786575239,9116.00000,9118.80000
1525786577986,9116.10000,9118.20000
1525786580077,9116.60000,9118.80000
1525786585122,9117.00000,9118.80000
1525786590015,9117.00000,9118.80000
1525786593043,9118.50000,9120.70000
1525786597755,9119.00000,9119.50000
1525786600494,9119.00000,9120.70000
1525786603794,9118.00000,9120.70000
1525786608681,9118.00000,9120.70000
1525786612746,9119.10000,9120.70000
1525786614985,9119.10000,9120.70000
1525786619143,9119.20000,9120.70000
1525786623072,9119.20000,9120.70000
1525786627054,9120.00000,9120.70000
1525786631119,9120.10000,9120.70000
1525786634738,9120.10000,9120.70000
1525786638636,9120.10000,9120.70000
1525786642774,9120.10000,9120.70000
1525786645257,9120.10000,9120.70000
1525786649913,9120.60000,9120.70000
1525786655224,9120.60000,9120.70000
1525786658927,9120.80000,9122.20000
1525786661647,9122.00000,9122.20000
1525786665588,9122.10000,9122.20000
1525786671950,9122.10000,9122.20000
1525786675413,9122.10000,9122.20000
1525786680248,9122.10000,9122.20000
1525786684398,9122.10000,9124.00000
1525786690050,9122.10000,9124.00000
1525786693570,9123.50000,9124.00000
1525786702436,9123.50000,9124.00000
1525786707347,9123.60000,9124.00000
1525786711498,9124.00000,9124.10000
1525786715202,9124.40000,9125.90000
1525786718994,9124.50000,9125.90000
1525786723863,9124.60000,9125.90000
1525786727674,9124.60000,9125.90000
1525786731106,9125.80000,9125.90000
1525786733325,9125.80000,9125.90000
1525786738787,9125.80000,9125.90000
1525786741857,9125.80000,9125.90000
1525786746116,9125.80000,9125.90000
1525786749894,9125.80000,9125.90000
1525786753790,9125.80000,9125.90000
1525786757054,9125.80000,9125.90000
1525786761203,9125.80000,9125.90000
1525786764989,9125.80000,9125.90000
1525786768579,9125.90000,9127.80000
1525786768579,9125.90000,9127.80000
1525786775928,9126.70000,9127.80000
1525786780138,9126.80000,9127.80000
1525786783433,9126.80000,9127.80000
1525786786422,9126.80000,9127.80000
1525786790623,9126.90000,9127.80000
1525786797241,9127.00000,9127.80000
1525786801206,9126.90000,9127.80000
1525786805815,9126.90000,9127.80000
1525786807670,9127.80000,9129.60000
1525786812246,9127.00000,9129.60000
1525786817966,9129.50000,9129.60000
1525786823365,9129.50000,9129.60000
1525786827269,9129.50000,9129.60000
1525786829839,9129.50000,9129.60000
1525786833302,9129.50000,9129.60000
1525786837486,9129.50000,9129.60000
1525786840386,9129.50000,9129.60000
1525786845310,9129.50000,9129.60000
1525786849428,9129.50000,9129.60000
1525786852646,9129.50000,9129.60000
1525786855104,9129.50000,9129.60000
1525786859854,9129.50000,9129.60000
1525786862944,9129.50000,9129.60000
1525786866655,9129.50000,9129.60000
1525786870423,9129.50000,9129.60000
1525786873743,9129.50000,9129.60000
1525786877561,9129.50000,9129.60000
1525786881773,9129.60000,9130.00000
1525786885842,9129.60000,9130.00000
1525786888702,9131.40000,9131.50000
1525786893021,9131.40000,9131.50000
1525786897328,9131.40000,9131.50000
1525786899685,9131.40000,9131.50000
1525786902875,9131.40000,9131.50000
1525786907421,9131.40000,9131.50000
1525786911239,9130.20000,9131.50000
1525786914010,9131.40000,9131.50000
1525786917632,9131.00000,9131.50000
1525786922462,9131.10000,9131.50000
1525786925419,9131.10000,9131.50000
1525786929804,9131.00000,9131.50000
1525786935463,9131.10000,9131.50000
1525786938663,9131.10000,9131.50000
1525786943868,9131.40000,9131.50000
1525786947261,9131.20000,9131.50000
1525786951151,9130.10000,9133.30000
1525786956205,9130.10000,9131.50000
1525786960184,9130.20000,9131.50000
1525786964011,9130.20000,9131.50000
1525786967582,9130.20000,9131.50000
1525786971269,9130.20000,9131.50000
1525786974782,9131.30000,9131.40000
1525786991306,9131.00000,9131.50000
1525786995258,9131.20000,9131.50000
1525786998767,9131.20000,9131.50000
1525787004391,9131.30000,9131.50000
1525787011051,9131.30000,9131.40000
1525787014797,9131.30000,9131.40000
1525787018943,9131.30000,9131.50000
1525787021749,9131.00000,9131.40000
1525787024836,9131.00000,9131.40000
1525787029659,9131.00000,9131.40000
1525787029659,9131.00000,9131.40000
1525787036871,9131.00000,9131.40000
1525787040935,9131.00000,9131.40000
1525787045197,9131.00000,9131.40000
1525787047062,9131.30000,9131.40000
1525787051454,9131.30000,9131.40000
1525787056450,9131.30000,9131.40000
1525787058800,9131.30000,9131.40000
1525787063935,9131.30000,9131.40000
1525787066599,9131.30000,9131.40000
1525787071547,9131.30000,9131.40000
1525787074231,9131.30000,9131.40000
1525787079123,9131.30000,9131.40000
1525787089234,9131.30000,9131.40000
1525787093957,9131.30000,9131.40000
1525787101078,9131.30000,9131.40000
1525787105134,9131.30000,9131.40000
1525787110318,9131.30000,9131.40000
1525787114910,9131.30000,9131.40000
1525787126040,9131.30000,9131.40000
1525787127945,9131.30000,9131.40000
1525787127945,9131.30000,9131.40000
1525787136581,9131.30000,9131.40000
1525787139419,9131.30000,9131.40000
1525787144631,9131.30000,9131.40000
1525787148998,9131.30000,9131.40000
1525787152630,9131.30000,9131.40000
1525787156008,9131.30000,9131.40000
1525787159796,9131.30000,9131.40000
1525787163041,9131.30000,9131.40000
1525787165492,9131.30000,9131.40000
1525787171360,9131.30000,9131.40000
1525787173540,9131.30000,9131.40000
1525787178068,9131.30000,9131.40000
1525787182167,9131.30000,9131.40000
1525787185362,9131.30000,9131.40000
1525787189593,9131.30000,9131.40000
1525787192228,9131.30000,9131.40000
1525787197264,9131.30000,9131.40000
1525787200934,9131.30000,9131.40000
1525787205590,9131.30000,9131.40000
1525787206725,9131.30000,9131.40000
1525787212765,9131.30000,9131.40000
1525787215490,9131.30000,9131.40000
1525787220428,9131.30000,9131.40000
1525787222702,9131.30000,9131.40000
1525787227750,9131.30000,9131.40000
1525787232383,9131.30000,9131.40000
1525787235926,9131.30000,9131.40000
1525787240705,9131.30000,9131.40000
1525787244204,9131.30000,9131.40000
1525787247987,9131.30000,9131.40000
1525787251362,9131.30000,9131.40000
1525787254366,9131.30000,9131.40000
1525787259003,9131.30000,9131.40000
1525787262695,9131.30000,9131.40000
1525787267488,9131.30000,9131.40000
1525787270919,9131.30000,9131.40000
1525787274357,9131.30000,9131.40000
1525787277867,9131.30000,9131.40000
1525787283598,9131.30000,9131.40000
1525787285994,9131.30000,9131.40000
1525787290463,9131.30000,9131.40000
1525787294333,9128.90000,9130.00000
1525787297738,9128.80000,9129.90000
1525787302455,9128.80000,9129.80000
1525787304838,9127.00000,9129.70000
1525787309626,9125.50000,9126.60000
1525787313635,9125.50000,9126.20000
1525787316076,9125.50000,9126.20000
1525787320247,9125.50000,9125.60000
1525787324302,9125.50000,9125.60000
1525787328158,9125.50000,9125.60000
1525787331940,9125.50000,9125.60000
1525787335033,9125.50000,9125.60000
1525787338748,9125.50000,9125.60000
1525787342609,9125.50000,9125.60000
1525787347463,9125.50000,9125.60000
1525787352670,9125.50000,9125.60000
1525787356403,9125.50000,9125.60000
1525787360158,9125.50000,9125.60000
1525787363637,9125.50000,9125.60000
1525787367647,9125.50000,9125.60000
1525787371188,9125.50000,9125.60000
1525787374670,9125.50000,9125.60000
1525787378568,9125.50000,9125.60000
1525787381041,9125.50000,9125.60000
1525787386123,9125.50000,9125.60000
1525787389720,9125.50000,9125.60000
1525787393229,9125.50000,9125.60000
1525787396473,9125.50000,9125.60000
1525787400471,9125.50000,9125.60000
1525787403012,9125.50000,9125.60000
1525787407442,9125.50000,9125.60000
1525787411609,9125.50000,9125.60000
1525787415904,9125.50000,9125.60000
1525787418358,9125.50000,9125.60000
1525787422647,9125.50000,9125.60000
1525787425520,9125.50000,9125.60000
1525787430314,9125.50000,9125.60000
1525787435982,9125.50000,9125.60000
1525787439655,9125.50000,9125.60000
1525787443438,9125.50000,9125.60000
1525787446863,9125.50000,9125.60000
1525787450186,9125.50000,9125.60000
1525787453589,9125.50000,9125.60000
1525787457108,9124.60000,9125.40000
1525787459656,9124.60000,9125.40000
1525787468956,9124.10000,9124.50000
1525787472769,9124.10000,9124.50000
1525787476286,9124.10000,9124.40000
1525787479791,9124.10000,9124.30000
1525787483598,9124.10000,9124.30000
1525787488307,9124.10000,9124.30000
1525787491002,9120.00000,9125.40000
1525787494587,9120.00000,9125.30000
1525787499030,9120.00000,9120.10000
1525787501566,9120.00000,9120.10000
1525787505343,9120.00000,9120.10000
1525787509854,9120.00000,9120.10000
1525787513986,9120.00000,9120.10000
1525787517584,9120.00000,9120.10000
1525787522167,9120.00000,9120.10000
1525787525207,9120.00000,9120.10000
1525787528594,9120.00000,9120.10000
1525787533451,9120.00000,9120.10000
1525787537054,9120.00000,9120.10000
1525787540545,9120.00000,9120.10000
1525787544343,9120.00000,9120.10000
1525787544343,9120.00000,9120.10000
1525787551935,9120.00000,9120.10000
1525787554744,9120.00000,9120.10000
1525787559341,9120.00000,9120.10000
1525787563218,9120.00000,9120.10000
1525787567396,9120.00000,9120.10000
1525787569659,9120.00000,9120.10000
1525787574025,9120.00000,9120.10000
1525787577831,9120.00000,9120.10000
1525787582288,9120.00000,9120.10000
1525787585698,9120.00000,9120.10000
1525787590443,9120.00000,9120.10000
1525787593774,9120.00000,9120.10000
1525787597708,9120.00000,9120.10000
1525787602184,9120.00000,9120.10000
1525787605170,9118.40000,9120.10000
1525787608742,9119.90000,9120.00000
1525787612626,9119.90000,9120.10000
1525787617174,9119.90000,9120.10000
1525787620904,9119.90000,9120.10000
1525787624667,9119.90000,9120.10000
1525787629815,9119.90000,9120.10000
1525787633319,9119.90000,9120.10000
1525787636450,9119.90000,9120.10000
1525787639350,9119.90000,9120.10000
1525787644680,9119.90000,9120.00000
1525787647239,9119.90000,9120.00000
1525787651223,9119.90000,9120.00000
1525787655135,9119.90000,9120.00000
1525787659600,9119.90000,9120.00000
1525787663005,9119.90000,9120.00000
1525787667689,9119.90000,9120.00000
1525787671050,9119.90000,9120.00000
1525787674432,9119.90000,9120.00000
1525787677815,9119.90000,9120.00000
1525787681863,9119.90000,9120.00000
1525787686315,9119.90000,9120.00000
1525787690066,9119.90000,9120.00000
1525787693679,9119.90000,9120.00000
1525787697087,9119.90000,9120.00000
1525787700454,9115.10000,9119.90000
1525787705283,9115.10000,9119.80000
1525787709139,9115.10000,9115.30000
1525787712950,9115.10000,9115.30000
1525787716690,9115.10000,9115.20000
1525787721325,9115.10000,9115.20000
1525787724922,9115.10000,9115.30000
1525787728834,9115.10000,9115.30000
1525787731990,9115.10000,9115.30000
1525787736437,9115.20000,9115.30000
1525787740583,9115.20000,9115.30000
1525787744070,9115.20000,9115.40000
1525787748502,9115.30000,9119.90000
1525787750139,9115.30000,9119.90000
1525787756591,9116.70000,9119.80000
1525787760000,9116.70000,9119.80000
1525787763877,9116.70000,9119.90000
1525787766692,9116.70000,9119.90000
1525787770284,9116.70000,9119.90000
1525787774939,9116.80000,9119.90000
1525787778890,9116.80000,9119.80000
1525787782848,9116.80000,9119.80000
1525787785310,9116.80000,9119.80000
1525787790287,9116.80000,9119.80000
1525787793939,9116.90000,9119.80000
1525787798732,9117.00000,9119.80000
1525787802646,9117.10000,9119.80000
1525787805522,9119.40000,9119.80000
1525787809715,9119.70000,9119.80000
1525787813744,9119.70000,9119.80000
1525787817689,9119.70000,9119.80000
1525787821425,9119.70000,9119.80000
1525787826509,9119.70000,9119.80000
1525787829959,9119.70000,9119.80000
1525787834031,9119.70000,9119.80000
1525787838188,9119.70000,9119.80000
1525787840962,9119.70000,9119.80000
1525787845346,9119.70000,9119.80000
1525787848801,9119.70000,9119.90000
1525787853451,9119.80000,9119.90000
1525787857992,9119.80000,9119.90000
1525787861023,9119.80000,9119.90000
1525787865857,9117.00000,9119.90000
1525787870170,9117.10000,9119.90000
1525787874091,9119.80000,9119.90000
1525787877998,9119.80000,9121.70000
1525787881283,9119.90000,9121.70000
1525787887615,9119.80000,9119.90000
1525787891837,9119.80000,9119.90000
1525787894525,9119.80000,9119.90000
1525787899736,9119.80000,9119.90000
1525787903033,9119.80000,9119.90000
1525787906465,9119.80000,9119.90000
1525787911266,9119.80000,9119.90000
1525787915394,9119.80000,9119.90000
1525787920304,9119.80000,9119.90000
1525787927250,9119.80000,9119.90000
1525787934331,9119.80000,9119.90000
1525787937541,9119.80000,9119.90000
1525787943830,9119.80000,9119.90000
1525787946863,9119.80000,9119.90000
1525787951623,9119.80000,9119.90000
1525787955891,9119.80000,9119.90000
1525787960173,9119.80000,9119.90000
1525787964439,9119.80000,9119.90000
1525787966410,9119.80000,9119.90000
1525787971409,9119.80000,9119.90000
1525787974423,9119.80000,9119.90000
1525787979365,9119.80000,9119.90000
1525787982434,9119.80000,9119.90000
1525787986549,9119.80000,9119.90000
1525787990378,9119.80000,9119.90000
1525787995688,9119.80000,9119.90000
1525787999413,9119.80000,9119.90000
1525788003350,9119.80000,9119.90000
1525788006722,9119.80000,9119.90000
1525788011173,9119.80000,9119.90000
1525788013979,9119.80000,9119.90000
1525788018062,9117.00000,9117.10000
1525788022347,9117.00000,9117.10000
1525788025114,9117.00000,9117.10000
1525788030054,9117.00000,9117.10000
1525788032995,9117.00000,9117.10000
1525788037311,9116.20000,9117.10000
1525788041378,9117.00000,9117.10000
1525788045603,9117.00000,9117.10000
1525788048422,9117.00000,9117.10000
1525788054368,9116.30000,9116.40000
1525788057085,9116.30000,9116.40000
1525788060544,9116.30000,9116.40000
1525788064546,9116.30000,9116.40000
1525788067938,9116.30000,9116.40000
1525788073351,9116.30000,9116.40000
1525788075998,9116.30000,9116.40000
1525788080236,9116.30000,9116.40000
1525788083699,9116.30000,9116.40000
1525788086444,9116.30000,9116.40000
1525788091828,9116.30000,9116.40000
1525788095726,9116.30000,9116.40000
1525788098022,9116.30000,9116.40000
1525788102253,9116.30000,9116.40000
1525788106740,9116.30000,9116.40000
1525788109837,9116.20000,9116.40000
1525788113260,9116.30000,9116.40000
1525788117588,9116.30000,9116.40000
1525788121673,9116.30000,9116.40000
1525788123473,9116.30000,9116.40000
1525788128220,9116.30000,9116.40000
1525788132776,9116.30000,9116.40000
1525788136130,9116.30000,9116.40000
1525788139738,9116.30000,9116.40000
1525788144748,9116.30000,9116.40000
1525788148313,9116.30000,9116.40000
1525788149717,9116.30000,9116.40000
1525788154855,9116.30000,9116.40000
1525788158475,9116.30000,9116.40000
1525788162982,9116.30000,9116.40000
1525788166507,9116.30000,9116.40000
1525788169253,9116.30000,9116.40000
1525788174257,9116.30000,9116.40000
1525788178991,9116.30000,9116.40000
1525788181654,9116.30000,9116.40000
1525788186404,9116.50000,9117.00000
1525788189499,9116.60000,9117.10000
1525788192950,9117.00000,9118.30000
1525788197306,9120.00000,9120.10000
1525788201090,9120.00000,9120.10000
1525788205018,9120.00000,9120.10000
1525788208067,9120.00000,9120.10000
1525788212641,9120.00000,9120.10000
1525788215686,9120.10000,9120.20000
1525788220888,9120.20000,9121.90000
1525788225196,9120.30000,9121.90000
1525788228095,9120.30000,9123.70000
1525788231530,9123.50000,9123.70000
1525788237053,9123.60000,9123.70000
1525788243252,9123.60000,9123.70000
1525788247790,9123.60000,9123.70000
1525788248995,9123.60000,9123.70000
1525788254840,9123.60000,9123.70000
1525788259334,9123.60000,9123.70000
1525788263351,9123.60000,9123.70000
1525788267135,9123.60000,9123.70000
1525788268329,9123.60000,9123.70000
1525788275629,9123.80000,9125.50000
1525788277838,9123.80000,9125.50000
1525788282893,9123.90000,9125.50000
1525788287883,9124.10000,9125.50000
1525788291656,9124.10000,9125.50000
1525788295497,9124.10000,9125.50000
1525788300091,9124.30000,9125.50000
1525788301960,9124.30000,9125.50000
1525788308102,9124.40000,9125.50000
1525788311043,9125.30000,9125.50000
1525788315824,9125.30000,9125.50000
1525788318491,9125.30000,9125.50000
1525788323130,9125.40000,9125.50000
1525788325841,9125.40000,9125.50000
1525788330714,9125.40000,9125.50000
1525788334396,9125.40000,9125.50000
1525788337970,9125.40000,9125.50000
1525788343602,9125.40000,9125.50000
1525788346975,9125.40000,9125.50000
1525788351501,9125.40000,9125.50000
1525788354493,9125.40000,9125.50000
1525788360444,9125.30000,9125.40000
1525788364621,9125.40000,9125.50000
1525788367709,9125.40000,9125.50000
1525788370702,9125.40000,9138.80000
1525788375133,9125.50000,9138.80000
1525788378949,9125.50000,9138.80000
1525788382553,9128.00000,9138.70000
1525788386029,9136.70000,9138.70000
1525788386029,9136.70000,9138.70000
1525788394545,9136.40000,9138.70000
1525788396875,9129.10000,9137.80000
1525788401591,9129.10000,9137.70000
1525788404549,9129.40000,9137.70000
1525788407985,9132.60000,9137.90000
1525788413170,9132.90000,9137.90000
1525788415668,9129.50000,9137.90000
1525788420333,9132.90000,9137.80000
1525788423812,9129.50000,9137.90000
1525788428369,9129.60000,9137.90000
1525788431083,9134.70000,9137.90000
1525788436650,9129.60000,9137.80000
1525788441584,9129.70000,9137.80000
1525788444958,9129.70000,9137.80000
1525788448730,9134.60000,9137.80000
1525788452628,9132.90000,9137.70000
1525788457027,9129.90000,9130.00000
1525788461650,9129.90000,9130.00000
1525788464938,9129.90000,9130.00000
1525788468704,9129.90000,9130.00000
1525788473361,9129.90000,9130.00000
1525788476782,9129.90000,9130.00000
1525788478286,9129.90000,9130.00000
1525788484314,9129.90000,9130.00000
1525788488020,9129.90000,9130.00000
1525788491073,9129.90000,9130.00000
1525788495440,9129.90000,9130.00000
1525788499260,9129.90000,9130.00000
1525788502485,9129.90000,9130.10000
1525788505331,9129.90000,9130.10000
1525788509780,9129.90000,9137.80000
1525788509780,9129.90000,9137.80000
1525788518151,9130.20000,9137.80000
1525788521934,9130.20000,9137.80000
1525788525596,9130.20000,9137.80000
1525788530044,9130.00000,9137.80000
1525788535384,9130.50000,9137.90000
1525788540000,9137.80000,9137.90000
1525788541380,9137.80000,9137.90000
1525788549309,9137.80000,9137.90000
1525788553480,9137.80000,9137.90000
1525788557960,9137.80000,9137.90000
1525788564206,9137.80000,9137.90000
1525788572267,9137.80000,9137.90000
1525788575217,9137.80000,9137.90000
1525788582580,9137.80000,9145.00000
1525788589629,9137.90000,9141.40000
1525788593395,9137.90000,9138.10000
1525788597980,9138.00000,9138.10000
1525788601663,9138.00000,9138.10000
1525788605677,9138.00000,9138.10000
1525788609906,9137.90000,9141.40000
1525788613649,9138.10000,9141.40000
1525788618170,9138.10000,9141.40000
1525788620851,9138.10000,9138.30000
1525788624587,9138.10000,9138.30000
1525788628644,9137.90000,9138.30000
1525788632413,9137.90000,9138.30000
1525788637134,9132.60000,9137.90000
1525788640445,9132.70000,9137.90000
1525788644161,9135.50000,9137.90000
1525788648543,9134.60000,9141.40000
1525788652373,9134.60000,9141.40000
1525788655938,9135.90000,9141.40000
1525788659753,9136.00000,9141.40000
1525788662111,9136.00000,9141.40000
1525788667456,9136.00000,9141.40000
1525788669656,9136.00000,9141.40000
1525788674042,9136.00000,9141.40000
1525788677538,9136.00000,9141.30000
1525788682805,9136.00000,9141.20000
1525788686049,9136.30000,9141.20000
1525788690886,9136.40000,9141.10000
1525788694296,9136.40000,9141.20000
1525788697802,9136.40000,9141.20000
1525788702240,9136.00000,9136.40000
1525788705941,9136.00000,9136.40000
1525788708049,9136.00000,9136.40000
1525788712125,9136.00000,9141.00000
1525788715018,9136.00000,9141.00000
1525788715018,9136.00000,9141.00000
1525788715018,9136.00000,9141.00000
1525788715018,9136.00000,9141.00000
1525788715018,9136.00000,9141.00000
1525788715018,9136.00000,9141.00000
1525788715018,9136.00000,9141.00000
1525788715018,9136.00000,9141.00000
1525788715018,9136.00000,9141.00000
1525788772222,9137.00000,9140.20000
1525788777926,9136.40000,9144.10000
1525788782891,9136.40000,9142.00000
1525788786060,9136.40000,9141.90000
1525788788704,9136.40000,9141.90000
1525788793464,9136.40000,9141.90000
1525788797178,9139.60000,9141.60000
1525788798629,9139.60000,9144.90000
1525788805405,9140.10000,9142.00000
1525788809651,9140.10000,9144.90000
1525788813242,9140.10000,9143.00000
1525788816625,9140.10000,9143.00000
1525788821203,9140.10000,9144.90000
1525788825492,9141.20000,9142.70000
1525788828004,9141.20000,9142.70000
1525788832974,9141.20000,9142.40000
1525788837502,9141.30000,9143.90000
1525788840896,9141.20000,9145.00000
1525788843961,9141.50000,9144.00000
1525788847607,9141.50000,9144.00000
1525788851238,9141.50000,9144.00000
1525788853778,9143.80000,9143.90000
1525788859454,9143.80000,9143.90000
1525788864053,9143.80000,9143.90000
1525788867521,9143.80000,9145.00000
1525788871283,9143.80000,9145.00000
1525788874114,9143.80000,9145.00000
1525788878743,9144.80000,9145.00000
1525788881609,9144.80000,9145.00000
1525788885564,9144.80000,9145.00000
1525788889945,9144.80000,9144.90000
1525788893714,9144.70000,9144.90000
1525788898126,9144.70000,9145.00000
1525788900768,9144.70000,9144.90000
1525788906782,9144.70000,9145.00000
1525788909654,9144.70000,9145.00000
1525788913062,9141.50000,9145.00000
1525788917876,9141.60000,9145.00000
1525788921565,9141.60000,9145.00000
1525788924124,9144.80000,9145.00000
1525788929862,9144.80000,9145.00000
1525788934217,9144.80000,9144.90000
1525788940946,9144.80000,9145.00000
1525788945722,9144.80000,9144.90000
1525788950344,9144.80000,9145.00000
1525788954020,9140.20000,9145.00000
1525788959313,9140.20000,9145.00000
1525788963616,9140.30000,9145.00000
1525788966768,9140.30000,9145.00000
1525788970978,9140.50000,9144.90000
1525788975723,9140.30000,9144.90000
1525788982107,9145.00000,9147.00000
1525788987393,9145.00000,9147.00000
1525788994058,9145.00000,9147.00000
1525789001536,9145.00000,9147.00000
1525789007698,9145.00000,9150.00000
1525789022693,9145.00000,9148.80000
1525789027936,9145.00000,9148.80000
1525789032029,9140.00000,9144.90000
1525789036382,9140.00000,9144.80000
1525789041048,9140.10000,9144.70000
1525789045026,9141.60000,9144.70000
1525789050938,9141.70000,9144.70000
1525789079283,9142.00000,9146.70000
1525789083212,9142.00000,9146.90000
1525789087024,9142.00000,9146.90000
1525789087024,9142.00000,9146.90000
1525789094586,9142.10000,9150.00000
1525789101286,9147.00000,9150.00000
1525789105371,9147.00000,9149.60000
1525789108774,9147.00000,9149.60000
1525789112594,9147.00000,9149.60000
1525789116484,9147.10000,9149.60000
1525789119752,9147.10000,9147.30000
1525789122983,9147.00000,9147.30000
1525789126849,9147.00000,9150.00000
1525789130563,9147.10000,9150.00000
1525789134351,9147.10000,9150.00000
1525789137611,9147.00000,9150.00000
1525789142173,9147.00000,9150.00000
1525789147636,9147.10000,9148.80000
1525789150458,9147.10000,9148.80000
1525789153778,9147.00000,9148.70000
1525789158422,9147.10000,9150.00000
1525789162828,9147.10000,9150.00000
1525789166658,9147.10000,9150.00000
1525789170085,9147.00000,9150.00000
1525789173818,9147.00000,9150.00000
1525789176242,9147.00000,9149.90000
1525789181325,9147.00000,9149.80000
1525789183212,9147.00000,9149.80000
1525789190416,9147.00000,9149.80000
1525789193770,9147.10000,9148.20000
1525789196171,9144.80000,9147.00000
1525789201386,9144.80000,9146.90000
1525789206670,9145.10000,9147.00000
1525789207809,9145.10000,9147.00000
1525789213138,9145.20000,9147.00000
1525789217614,9145.20000,9147.00000
1525789220979,9145.20000,9146.70000
1525789224594,9145.20000,9146.60000
1525789229814,9145.30000,9145.90000
1525789233581,9145.80000,9147.00000
1525789237445,9145.30000,9146.60000
1525789241279,9145.90000,9147.00000
1525789245406,9146.90000,9147.00000
1525789248995,9146.90000,9147.00000
1525789252898,9146.90000,9147.00000
1525789257878,9146.90000,9147.00000
1525789260958,9146.90000,9147.00000
1525789265197,9146.90000,9147.00000
1525789267661,9146.90000,9147.00000
1525789273147,9146.90000,9147.00000
1525789278094,9146.90000,9147.00000
1525789281546,9146.90000,9147.00000
1525789286409,9146.90000,9147.00000
1525789289226,9146.90000,9147.00000
1525789296103,9146.90000,9147.00000
1525789300209,9146.90000,9147.00000
1525789303918,9146.90000,9147.00000
1525789307589,9146.90000,9147.00000
1525789308967,9146.90000,9147.00000
1525789314203,9146.90000,9147.00000
1525789319245,9146.90000,9147.00000
1525789325155,9146.90000,9147.00000
1525789331550,9146.90000,9147.00000
1525789335781,9146.90000,9147.00000
1525789339911,9146.90000,9147.00000
1525789343756,9146.90000,9147.00000
1525789348931,9146.90000,9147.00000
1525789352688,9146.90000,9147.00000
1525789356448,9146.90000,9147.00000
1525789361732,9146.90000,9147.00000
1525789365382,9146.90000,9147.00000
1525789369509,9146.90000,9147.00000
1525789375918,9146.90000,9147.00000
1525789379226,9146.90000,9147.00000
1525789385366,9146.90000,9147.00000
1525789389801,9146.90000,9147.00000
1525789395255,9146.90000,9147.00000
1525789402358,9146.90000,9147.00000
1525789408209,9146.90000,9147.00000
1525789412962,9146.90000,9147.00000
1525789416770,9146.90000,9147.00000
1525789419727,9146.90000,9147.00000
1525789425065,9146.90000,9147.00000
1525789430122,9146.90000,9147.00000
1525789435858,9146.90000,9147.00000
1525789441385,9146.90000,9147.00000
1525789445250,9146.90000,9147.00000
1525789449434,9145.30000,9147.00000
1525789453574,9146.90000,9147.00000
1525789459667,9146.90000,9147.00000
1525789466947,9146.90000,9147.00000
1525789471321,9146.90000,9147.00000
1525789476946,9146.90000,9147.00000
1525789482422,9146.80000,9146.90000
1525789487158,9146.90000,9147.00000
1525789492121,9146.90000,9147.00000
1525789496940,9146.90000,9147.00000
1525789501016,9146.90000,9147.00000
1525789509702,9148.10000,9160.00000
1525789517811,9154.30000,9167.20000
1525789522623,9158.30000,9161.10000
1525789526638,9158.40000,9161.40000
1525789533352,9158.40000,9158.50000
1525789540434,9158.40000,9158.50000
1525789543975,9148.30000,9163.30000
1525789548203,9156.40000,9159.80000
1525789554553,9156.50000,9159.80000
1525789558738,9156.50000,9159.80000
1525789562673,9157.30000,9159.80000
1525789567848,9157.50000,9166.60000
1525789573081,9157.60000,9161.60000
1525789575867,9157.60000,9161.60000
1525789580543,9159.90000,9161.50000
1525789585268,9159.90000,9161.50000
1525789589101,9159.90000,9161.50000
1525789593161,9159.90000,9161.20000
1525789598489,9159.80000,9167.10000
1525789603042,9175.00000,9175.20000
1525789607858,9162.60000,9167.20000
1525789613278,9162.70000,9167.10000
1525789617277,9160.00000,9162.90000
1525789620715,9162.50000,9167.20000
1525789623041,9160.10000,9165.30000
1525789628037,9162.10000,9163.90000
1525789633057,9162.10000,9163.90000
1525789635734,9162.20000,9172.20000
1525789639956,9162.30000,9169.00000
1525789643260,9162.30000,9169.00000
1525789648460,9162.70000,9170.00000
1525789651615,9162.70000,9170.00000
1525789654563,9163.00000,9170.00000
1525789659368,9163.10000,9170.00000
1525789667471,9163.10000,9170.00000
1525789671860,9163.20000,9170.00000
1525789678315,9169.90000,9175.10000
1525789681534,9170.00000,9174.90000
1525789689978,9163.60000,9170.90000
1525789692179,9163.60000,9170.90000
1525789698057,9163.20000,9171.00000
1525789701410,9163.30000,9171.00000
1525789706061,9163.30000,9170.90000
1525789707746,9163.30000,9170.90000
1525789716557,9163.30000,9165.20000
1525789719998,9165.00000,9167.50000
1525789723658,9165.00000,9167.50000
1525789728140,9165.00000,9166.40000
1525789731989,9165.10000,9170.00000
1525789738144,9166.10000,9170.00000
1525789741626,9166.10000,9170.00000
1525789745262,9166.10000,9170.00000
1525789749398,9166.70000,9170.70000
1525789754394,9167.20000,9170.00000
1525789758710,9167.20000,9170.00000
1525789765336,9167.20000,9169.90000
1525789776187,9165.20000,9169.40000
1525789783855,9167.90000,9169.40000
1525789788814,9167.90000,9169.40000
1525789794660,9170.90000,9174.90000
1525789799549,9175.00000,9175.20000
1525789806590,9175.00000,9175.10000
1525789809830,9175.00000,9175.10000
1525789814188,9175.00000,9175.10000
1525789819959,9175.00000,9175.10000
1525789824830,9175.00000,9175.10000
1525789829021,9175.00000,9175.10000
1525789834043,9170.90000,9175.00000
1525789840874,9169.40000,9170.80000
1525789844489,9169.40000,9170.80000
1525789850645,9169.40000,9169.50000
1525789855152,9169.40000,9169.50000
1525789862217,9169.40000,9169.50000
1525789877751,9151.00000,9155.90000
1525789882219,9151.60000,9155.70000
1525789890809,9144.70000,9150.40000
1525789899197,9137.40000,9144.30000
1525789904150,9137.40000,9141.80000
1525789909612,9137.40000,9141.80000
1525789915374,9132.60000,9139.90000
1525789922360,9131.80000,9138.50000
1525789930391,9131.50000,9131.80000
1525789936774,9128.80000,9131.80000
1525789943427,9128.70000,9131.80000
1525789947008,9128.70000,9130.40000
1525789950971,9126.00000,9128.80000
1525789955035,9126.00000,9126.40000
1525789959507,9120.00000,9125.00000
1525789965055,9121.20000,9122.00000
1525789968603,9121.20000,9122.00000
1525789971623,9121.20000,9123.10000
1525789975727,9123.00000,9125.00000
1525789980674,9123.00000,9132.50000
1525789983999,9123.10000,9128.00000
1525789988994,9123.10000,9132.40000
1525789994577,9123.10000,9128.00000
1525789998445,9123.20000,9128.00000
1525790000235,9123.20000,9128.00000
1525790005198,9123.20000,9128.00000
1525790008778,9123.30000,9127.90000
1525790012351,9123.30000,9127.90000
1525790016166,9123.40000,9127.90000
1525790021011,9123.30000,9127.90000
1525790025922,9125.00000,9126.10000
1525790029595,9125.10000,9126.10000
1525790033167,9125.10000,9126.10000
1525790036564,9125.10000,9130.50000
1525790040774,9125.10000,9130.50000
1525790045174,9125.10000,9130.50000
1525790047556,9125.20000,9130.50000
1525790052985,9130.30000,9132.30000
1525790057602,9130.40000,9133.90000
1525790060796,9130.30000,9133.00000
1525790064536,9130.30000,9133.00000
1525790068499,9130.30000,9137.70000
1525790072245,9130.40000,9136.00000
1525790076897,9130.40000,9135.70000
1525790079326,9130.40000,9135.70000
1525790085672,9130.60000,9133.00000
1525790089004,9130.60000,9133.00000
1525790093153,9130.40000,9132.90000
1525790095546,9128.10000,9132.90000
1525790100049,9132.80000,9132.90000
1525790106347,9132.80000,9132.90000
1525790109289,9125.00000,9132.90000
1525790112278,9130.90000,9132.90000
1525790119722,9131.00000,9132.60000
1525790125869,9131.90000,9132.80000
1525790129219,9132.00000,9132.80000
1525790133906,9132.00000,9133.00000
1525790138613,9132.00000,9133.00000
1525790142146,9132.00000,9133.00000
1525790147805,9130.40000,9132.70000
1525790151401,9130.50000,9134.90000
1525790154929,9130.60000,9132.90000
1525790158850,9130.70000,9132.90000
1525790161173,9130.70000,9132.90000
1525790166631,9132.70000,9132.90000
1525790169435,9132.70000,9132.90000
1525790173346,9132.70000,9132.90000
1525790182727,9132.70000,9132.90000
1525790190550,9132.70000,9132.90000
1525790193824,9132.70000,9132.90000
1525790202941,9132.80000,9132.90000
1525790206445,9132.80000,9132.90000
1525790210374,9132.80000,9132.90000
1525790214797,9132.80000,9132.90000
1525790219184,9132.80000,9132.90000
1525790224458,9132.80000,9132.90000
1525790227462,9132.80000,9132.90000
1525790231029,9126.30000,9132.70000
1525790235097,9126.40000,9132.90000
1525790239339,9129.00000,9132.90000
1525790243239,9130.50000,9132.90000
1525790247818,9130.50000,9132.60000
1525790256441,9131.00000,9136.60000
1525790262337,9131.20000,9132.90000
1525790267203,9131.20000,9132.90000
1525790274060,9131.30000,9132.90000
1525790280830,9131.50000,9132.90000
1525790287614,9132.00000,9132.90000
1525790299238,9132.20000,9134.80000
1525790303402,9132.30000,9133.40000
1525790307390,9132.30000,9133.30000
1525790310934,9132.30000,9133.30000
1525790314759,9133.00000,9134.80000
1525790318767,9133.00000,9134.80000
1525790322538,9133.00000,9133.10000
1525790327678,9133.70000,9134.80000
1525790331221,9133.70000,9134.80000
1525790335530,9133.70000,9133.80000
1525790339444,9133.70000,9133.80000
1525790342762,9133.70000,9133.80000
1525790342762,9133.70000,9133.80000
1525790349543,9133.70000,9133.80000
1525790352610,9133.70000,9133.80000
1525790357817,9133.70000,9133.80000
1525790361250,9133.70000,9133.80000
1525790364503,9133.70000,9133.80000
1525790368064,9133.70000,9133.80000
1525790373109,9133.70000,9133.80000
1525790376113,9133.70000,9133.80000
1525790379651,9133.70000,9133.80000
1525790384404,9133.70000,9133.80000
1525790388160,9133.70000,9133.80000
1525790392384,9133.70000,9133.80000
1525790395718,9132.30000,9133.70000
1525790399524,9132.30000,9133.70000
1525790404110,9132.30000,9133.60000
1525790406832,9132.30000,9132.60000
1525790410361,9132.30000,9132.60000
1525790414570,9132.30000,9132.50000
1525790417895,9132.30000,9132.50000
1525790422436,9132.30000,9132.50000
1525790423415,9132.30000,9132.50000
1525790428828,9132.00000,9132.50000
1525790432515,9132.00000,9132.50000
1525790436372,9132.00000,9132.50000
1525790442132,9132.00000,9133.80000
1525790446020,9132.00000,9132.30000
1525790450735,9132.00000,9132.10000
1525790453729,9132.00000,9132.10000
1525790456627,9132.00000,9132.10000
1525790460163,9132.00000,9132.10000
1525790465247,9132.00000,9132.10000
1525790468511,9132.00000,9132.10000
1525790472274,9132.00000,9132.10000
1525790475625,9132.00000,9132.10000
1525790479239,9132.00000,9132.10000
1525790483555,9132.00000,9132.10000
1525790487935,9132.00000,9132.10000
1525790491356,9132.00000,9132.10000
1525790495400,9132.00000,9132.10000
1525790499351,9132.00000,9132.10000
1525790502582,9132.00000,9132.10000
1525790505719,9132.00000,9132.10000
1525790509667,9132.00000,9132.10000
1525790514295,9132.00000,9132.10000
1525790518546,9132.00000,9132.10000
1525790521549,9132.00000,9132.10000
1525790526778,9132.00000,9132.10000
1525790529053,9132.00000,9132.10000
1525790534432,9132.00000,9132.10000
1525790538137,9132.00000,9132.10000
1525790542210,9132.00000,9132.10000
1525790546222,9132.00000,9132.10000
1525790550067,9132.00000,9132.10000
1525790554989,9132.00000,9132.10000
1525790559605,9132.00000,9132.10000
1525790562237,9132.00000,9132.10000
1525790565861,9132.00000,9132.10000
1525790569875,9132.00000,9132.10000
1525790572995,9132.00000,9132.10000
1525790578074,9132.00000,9132.10000
1525790580127,9132.00000,9132.10000
1525790585282,9132.00000,9132.10000
1525790590422,9132.00000,9132.10000
1525790593648,9132.00000,9132.10000
1525790597746,9132.00000,9132.10000
1525790601889,9132.00000,9132.10000
1525790604425,9132.00000,9132.10000
1525790609171,9132.00000,9132.10000
1525790612483,9132.00000,9132.10000
1525790616788,9132.00000,9132.10000
1525790621492,9132.00000,9132.10000
1525790625050,9132.00000,9132.10000
1525790629774,9132.00000,9132.10000
1525790629774,9132.00000,9132.10000
1525790636623,9132.00000,9132.10000
1525790640021,9132.00000,9132.10000
1525790645330,9132.00000,9132.10000
1525790647935,9132.00000,9132.10000
1525790649799,9132.00000,9132.10000
1525790656537,9132.00000,9132.10000
1525790660200,9132.00000,9132.10000
1525790663785,9132.00000,9132.10000
1525790663785,9132.00000,9132.10000
1525790670178,9132.00000,9132.10000
1525790672486,9132.00000,9132.10000
1525790677168,9132.00000,9132.10000
1525790681830,9132.00000,9132.10000
1525790685566,9132.00000,9132.10000
1525790690150,9132.00000,9132.10000
1525790693649,9132.00000,9132.10000
1525790697616,9132.00000,9132.10000
1525790701725,9132.00000,9132.10000
1525790703137,9132.00000,9132.10000
1525790705417,9132.00000,9132.10000
1525790712684,9132.00000,9132.10000
1525790717092,9132.00000,9132.10000
1525790719696,9132.00000,9132.10000
1525790724278,9132.00000,9132.10000
1525790727962,9132.00000,9132.10000
1525790731626,9132.00000,9132.10000
1525790733988,9132.00000,9132.10000
1525790740991,9132.00000,9132.10000
1525790745257,9132.00000,9132.10000
1525790749398,9132.00000,9132.10000
1525790751913,9132.00000,9132.10000
1525790755965,9132.00000,9132.10000
1525790759814,9132.00000,9132.10000
1525790763595,9132.00000,9132.10000
1525790766529,9132.00000,9132.10000
1525790771747,9132.00000,9132.10000
1525790776371,9132.00000,9132.10000
1525790779615,9132.00000,9132.10000
1525790783754,9132.00000,9132.10000
1525790787890,9132.00000,9132.10000
1525790791289,9123.70000,9132.10000
1525790795629,9130.00000,9132.10000
1525790799018,9130.00000,9132.10000
1525790803200,9130.10000,9132.00000
1525790806870,9130.10000,9132.00000
1525790811093,9130.10000,9132.00000
1525790820414,9128.00000,9131.90000
1525790829855,9120.80000,9131.80000
1525790840690,9120.90000,9121.00000
1525790846385,9120.60000,9121.00000
1525790853921,9120.00000,9120.30000
1525790858166,9120.00000,9120.30000
1525790862626,9120.00000,9120.30000
1525790866900,9110.20000,9117.80000
1525790870371,9110.20000,9110.30000
1525790874545,9110.20000,9110.30000
1525790878161,9110.20000,9110.30000
1525790881857,9110.20000,9110.30000
1525790886584,9110.20000,9110.30000
1525790889618,9110.20000,9110.30000
1525790893370,9110.20000,9110.30000
1525790898368,9110.20000,9110.30000
1525790905802,9110.20000,9110.30000
1525790909622,9110.20000,9110.30000
1525790915771,9110.10000,9110.20000
1525790920301,9105.00000,9107.50000
1525790924474,9105.00000,9105.10000
1525790927842,9105.00000,9105.10000
1525790931965,9105.00000,9105.10000
1525790935421,9105.00000,9105.10000
1525790940061,9105.10000,9108.70000
1525790941664,9105.30000,9108.60000
1525790946859,9108.50000,9108.60000
1525790950532,9108.50000,9112.10000
1525790955010,9108.60000,9115.70000
1525790957552,9108.70000,9115.70000
1525790962225,9108.90000,9115.70000
1525790966273,9116.10000,9120.20000
1525790970277,9119.10000,9120.10000
1525790974571,9119.20000,9120.10000
1525790977813,9119.20000,9120.10000
1525790983043,9119.30000,9119.60000
1525790989127,9119.50000,9119.60000
1525790992795,9119.50000,9119.80000
1525790998035,9119.70000,9119.80000
1525791001428,9119.70000,9119.80000
1525791005815,9119.80000,9120.10000
1525791011077,9119.90000,9120.00000
1525791014435,9119.90000,9120.00000
1525791018411,9119.60000,9120.00000
1525791023361,9135.00000,9135.60000
1525791026347,9119.60000,9119.70000
1525791036803,9119.60000,9119.70000
1525791040470,9119.60000,9119.70000
1525791049998,9119.60000,9119.70000
1525791079194,9109.50000,9116.00000
1525791083419,9114.30000,9115.90000
1525791087016,9114.40000,9115.90000
1525791092231,9114.40000,9115.90000
1525791094381,9114.60000,9115.90000
1525791098518,9114.70000,9116.00000
1525791102559,9115.10000,9116.00000
1525791108139,9116.00000,9118.60000
1525791112856,9117.00000,9118.60000
1525791116174,9122.10000,9122.20000
1525791119727,9123.00000,9134.60000
1525791125284,9129.60000,9134.60000
1525791128292,9129.90000,9133.20000
1525791149685,9130.00000,9130.10000
1525791153882,9130.00000,9130.10000
1525791156781,9130.00000,9130.10000
1525791162406,9130.20000,9133.80000
1525791165063,9130.20000,9133.80000
1525791169550,9130.20000,9133.80000
1525791173877,9130.30000,9134.60000
1525791178214,9130.30000,9134.60000
1525791179594,9130.30000,9134.60000
1525791185705,9130.30000,9134.60000
1525791188926,9130.40000,9134.60000
1525791191934,9130.40000,9134.60000
1525791196629,9130.50000,9134.60000
1525791200433,9130.50000,9134.60000
1525791203962,9134.50000,9134.60000
1525791208064,9134.50000,9135.40000
1525791212202,9134.60000,9135.40000
1525791214796,9134.60000,9135.40000
1525791219309,9134.60000,9135.40000
1525791224078,9135.30000,9135.40000
1525791230723,9135.30000,9135.40000
1525791234634,9135.30000,9135.40000
1525791238428,9135.30000,9135.40000
1525791241835,9135.30000,9135.40000
1525791246564,9134.60000,9135.40000
1525791249749,9134.60000,9135.30000
1525791254377,9134.70000,9135.10000
1525791258175,9134.60000,9135.10000
1525791261882,9134.60000,9135.10000
1525791265439,9134.60000,9134.80000
1525791269110,9134.60000,9134.80000
1525791272636,9134.60000,9134.80000
1525791276760,9134.60000,9134.80000
1525791281722,9134.60000,9134.70000
1525791285540,9134.60000,9134.70000
1525791288786,9134.60000,9135.00000
1525791293321,9134.60000,9135.00000
1525791294834,9130.10000,9134.60000
1525791300836,9131.20000,9134.60000
1525791303230,9131.20000,9134.60000
1525791307735,9131.30000,9134.60000
1525791311361,9131.20000,9134.60000
1525791315134,9131.20000,9134.60000
1525791315134,9131.20000,9134.60000
1525791322944,9131.30000,9134.60000
1525791325486,9131.30000,9134.60000
1525791329706,9138.10000,9140.30000
1525791333714,9138.10000,9138.20000
1525791336547,9138.10000,9138.20000
1525791340553,9131.30000,9138.20000
1525791345167,9131.30000,9138.20000
1525791348812,9131.30000,9138.20000
1525791352826,9131.30000,9138.00000
1525791354703,9131.30000,9132.80000
1525791359847,9131.30000,9132.80000
1525791363212,9131.30000,9132.80000
1525791367430,9131.30000,9132.80000
1525791370602,9132.60000,9132.80000
1525791374748,9132.80000,9137.80000
1525791378746,9132.80000,9133.90000
1525791381922,9132.80000,9133.90000
1525791385331,9132.80000,9133.90000
1525791388309,9137.30000,9137.70000
1525791392211,9137.30000,9137.70000
1525791395734,9137.30000,9137.80000
1525791400815,9133.90000,9137.80000
1525791403964,9133.90000,9137.80000
1525791407838,9133.90000,9137.80000
1525791412291,9134.00000,9135.10000
1525791415488,9134.00000,9137.80000
1525791418409,9134.00000,9137.80000
1525791423594,9134.00000,9137.80000
1525791426774,9134.00000,9134.10000
1525791429720,9134.00000,9134.10000
1525791435544,9134.00000,9134.10000
1525791438584,9134.00000,9134.10000
1525791443027,9134.00000,9134.10000
1525791446201,9134.00000,9134.10000
1525791449674,9134.00000,9134.10000
1525791453406,9134.00000,9134.10000
1525791458159,9134.00000,9134.10000
1525791459717,9134.00000,9134.10000
1525791464762,9134.00000,9134.10000
1525791468890,9134.00000,9134.10000
1525791471795,9134.00000,9134.10000
1525791476498,9134.20000,9137.80000
1525791480998,9134.20000,9137.80000
1525791485162,9134.20000,9137.80000
1525791488920,9134.10000,9137.70000
1525791491789,9134.10000,9137.70000
1525791495514,9134.10000,9137.70000
1525791499926,9134.10000,9137.80000
1525791502101,9134.10000,9137.80000
1525791507522,9134.10000,9134.90000
1525791511025,9134.10000,9134.90000
1525791515166,9134.10000,9134.90000
1525791519020,9134.30000,9138.00000
1525791524416,9134.40000,9138.00000
1525791528067,9134.40000,9138.00000
1525791531932,9138.00000,9138.10000
1525791535606,9138.00000,9138.10000
1525791540014,9138.00000,9138.10000
1525791542326,9138.00000,9138.10000
1525791547758,9138.00000,9138.10000
1525791551352,9138.00000,9138.10000
1525791555591,9138.00000,9138.10000
1525791559253,9138.00000,9138.10000
1525791562798,9138.00000,9138.10000
1525791567766,9138.00000,9138.10000
1525791570787,9138.00000,9138.10000
1525791575274,9138.00000,9138.10000
1525791577979,9138.00000,9138.10000
1525791582654,9138.00000,9138.10000
1525791585926,9138.00000,9138.10000
1525791590597,9138.00000,9138.10000
1525791594133,9138.00000,9138.10000
1525791597553,9138.00000,9138.10000
1525791601655,9138.00000,9138.10000
1525791605327,9138.00000,9138.10000
1525791608944,9138.00000,9138.10000
1525791613476,9138.00000,9138.10000
1525791616075,9138.00000,9138.10000
1525791618912,9138.00000,9138.10000
1525791624644,9138.00000,9138.10000
1525791628065,9138.00000,9138.10000
1525791631938,9138.00000,9138.10000
1525791636702,9138.00000,9138.10000
1525791640137,9138.00000,9138.10000
1525791642819,9138.00000,9138.10000
1525791647931,9138.00000,9138.10000
1525791651225,9138.00000,9138.10000
1525791655061,9138.00000,9138.10000
1525791659105,9138.00000,9138.10000
1525791660746,9138.00000,9138.10000
1525791666514,9138.00000,9138.10000
1525791670871,9138.00000,9138.10000
1525791672654,9138.00000,9138.10000
1525791676990,9138.00000,9138.10000
1525791681761,9138.00000,9138.10000
1525791686009,9138.00000,9138.10000
1525791690311,9138.00000,9138.10000
1525791693102,9138.00000,9138.10000
1525791697268,9138.00000,9138.10000
1525791702075,9138.00000,9138.10000
1525791704085,9138.00000,9138.10000
1525791704085,9138.00000,9138.10000
1525791704085,9138.00000,9138.10000
1525791704085,9138.00000,9138.10000
1525791704085,9138.00000,9138.10000
1525791704085,9138.00000,9138.10000
1525791704085,9138.00000,9138.10000
1525791704085,9138.00000,9138.10000
1525791704085,9138.00000,9138.10000
1525791704085,9138.00000,9138.10000
1525791704085,9138.00000,9138.10000
1525791704085,9138.00000,9138.10000
1525791704085,9138.00000,9138.10000
1525791704085,9138.00000,9138.10000
1525791704085,9138.00000,9138.10000
1525791704085,9138.00000,9138.10000
1525791771610,9144.00000,9148.30000
1525791778226,9144.10000,9148.30000
1525791781190,9144.10000,9148.30000
1525791785323,9144.10000,9148.30000
1525791788588,9141.00000,9148.30000
1525791794236,9139.00000,9148.20000
1525791797989,9138.00000,9148.20000
1525791801149,9138.10000,9148.20000
1525791805751,9138.40000,9148.20000
1525791809151,9138.40000,9148.20000
1525791815346,9142.50000,9148.20000
1525791818952,9142.80000,9148.30000
1525791822141,9142.90000,9148.30000
1525791826726,9142.50000,9148.30000
1525791830182,9142.50000,9148.30000
1525791833537,9143.30000,9148.30000
1525791835937,9143.30000,9148.30000
1525791840409,9143.40000,9148.30000
1525791845168,9143.40000,9148.30000
1525791848656,9145.10000,9148.30000
1525791852123,9145.10000,9148.30000
1525791855725,9145.10000,9148.30000
1525791859392,9145.10000,9148.90000
1525791864143,9145.20000,9147.90000
1525791868384,9145.10000,9147.90000
1525791871897,9145.10000,9147.90000
1525791875225,9145.10000,9147.90000
1525791878524,9145.20000,9149.00000
1525791882885,9145.20000,9149.00000
1525791886980,9145.20000,9149.00000
1525791889428,9145.20000,9149.00000
1525791894405,9148.90000,9149.00000
1525791897711,9148.90000,9149.00000
1525791900915,9148.90000,9149.00000
1525791904433,9148.90000,9149.00000
1525791908253,9148.90000,9149.00000
1525791913784,9148.90000,9149.00000
1525791916309,9148.90000,9149.00000
1525791920959,9148.90000,9149.00000
1525791924829,9148.90000,9149.00000
1525791928661,9148.90000,9149.00000
1525791932803,9148.90000,9149.00000
1525791936822,9148.90000,9149.00000
1525791940249,9148.90000,9149.00000
1525791943823,9148.90000,9149.00000
1525791948327,9148.90000,9149.00000
1525791952439,9148.90000,9149.00000
1525791956520,9148.90000,9149.00000
1525791959652,9148.90000,9149.00000
1525791963549,9148.90000,9149.00000
1525791967008,9148.90000,9158.00000
1525791970997,9157.90000,9158.00000
1525791974441,9157.90000,9158.00000
1525791978397,9156.60000,9158.00000
1525791983673,9155.50000,9158.00000
1525791986753,9155.60000,9158.00000
1525791990595,9155.60000,9158.00000
1525791995472,9155.60000,9158.00000
1525791998552,9155.70000,9160.00000
1525792001861,9155.70000,9160.80000
1525792004812,9155.50000,9159.90000
1525792009264,9150.80000,9159.90000
1525792013895,9150.80000,9159.80000
1525792017278,9151.10000,9159.80000
1525792021643,9151.10000,9159.90000
1525792025180,9151.10000,9159.90000
1525792028939,9154.70000,9159.80000
1525792032945,9151.20000,9159.80000
1525792036229,9151.20000,9160.00000
1525792039621,9157.00000,9159.80000
1525792043515,9157.00000,9159.80000
1525792047899,9157.00000,9159.70000
1525792050656,9151.30000,9154.40000
1525792054643,9151.40000,9154.40000
1525792059171,9151.40000,9154.40000
1525792063124,9151.20000,9154.40000
1525792066121,9151.20000,9154.40000
1525792070152,9151.30000,9154.40000
1525792074200,9151.60000,9154.40000
1525792078459,9151.70000,9155.80000
1525792080851,9151.70000,9155.80000
1525792086444,9153.10000,9155.80000
1525792090001,9153.10000,9156.10000
1525792093708,9160.00000,9161.00000
1525792096528,9160.00000,9161.00000
1525792100399,9160.00000,9160.10000
1525792105707,9153.40000,9159.90000
1525792109495,9153.60000,9159.80000
1525792112371,9153.90000,9160.00000
1525792116703,9153.90000,9160.00000
1525792120661,9159.80000,9159.90000
1525792124329,9159.80000,9159.90000
1525792128094,9159.80000,9159.90000
1525792131719,9159.80000,9159.90000
1525792135620,9159.80000,9159.90000
1525792138918,9159.80000,9159.90000
1525792142225,9150.90000,9159.80000
1525792147116,9151.00000,9159.70000
1525792149980,9151.10000,9159.60000
1525792153721,9151.30000,9159.50000
1525792157828,9151.10000,9159.30000
1525792161822,9151.60000,9159.30000
1525792166068,9159.10000,9159.20000
1525792169174,9149.00000,9159.00000
1525792173492,9150.00000,9154.70000
1525792178216,9154.40000,9154.60000
1525792181661,9154.40000,9158.80000
1525792185132,9154.40000,9158.80000
1525792187256,9154.40000,9155.40000
1525792191984,9149.20000,9155.40000
1525792196745,9155.20000,9155.40000
1525792200033,9155.20000,9155.30000
1525792204543,9155.20000,9155.30000
1525792207446,9155.20000,9155.30000
1525792209888,9155.20000,9155.30000
1525792215647,9155.10000,9155.30000
1525792219005,9155.10000,9155.30000
1525792223765,9149.00000,9153.00000
1525792226361,9151.40000,9153.00000
1525792231056,9151.40000,9153.00000
1525792234456,9151.60000,9153.00000
1525792239564,9151.60000,9153.00000
1525792242213,9151.90000,9152.00000
1525792242213,9151.90000,9152.00000
1525792247982,9151.90000,9152.00000
1525792253524,9151.90000,9152.00000
1525792253524,9151.90000,9152.00000
1525792259307,9150.40000,9153.00000
1525792265460,9150.30000,9150.70000
1525792265460,9150.30000,9150.70000
1525792271000,9150.60000,9150.70000
1525792275815,9150.70000,9155.30000
1525792281029,9150.40000,9155.20000
1525792285902,9150.40000,9151.30000
1525792289445,9146.80000,9150.00000
1525792292560,9146.90000,9150.00000
1525792296961,9146.90000,9150.00000
1525792300457,9149.80000,9150.00000
1525792304544,9149.80000,9150.00000
1525792308229,9149.80000,9150.00000
1525792311837,9149.80000,9150.00000
1525792314430,9149.80000,9150.00000
1525792318757,9149.80000,9149.90000
1525792322308,9149.80000,9149.90000
1525792326511,9149.80000,9150.00000
1525792328955,9149.80000,9150.00000
1525792333742,9149.80000,9149.90000
1525792337528,9149.80000,9149.90000
1525792341060,9149.80000,9149.90000
1525792346694,9145.30000,9148.80000
1525792346694,9145.30000,9148.80000
1525792352213,9145.30000,9148.80000
1525792357710,9145.30000,9148.80000
1525792357710,9145.30000,9148.80000
1525792363348,9145.40000,9148.70000
1525792369201,9146.00000,9148.80000
1525792373334,9146.00000,9148.80000
1525792376907,9145.30000,9148.60000
1525792376907,9145.30000,9148.60000
1525792382431,9145.30000,9148.60000
1525792388185,9141.00000,9145.00000
1525792390958,9141.00000,9141.10000
1525792396753,9141.00000,9141.10000
1525792396753,9141.00000,9141.10000
1525792405452,9141.00000,9142.60000
1525792409494,9138.00000,9140.90000
1525792412233,9138.00000,9140.90000
1525792416868,9138.00000,9138.10000
1525792420234,9138.00000,9138.10000
1525792422809,9137.70000,9137.90000
1525792427498,9137.70000,9137.80000
1525792431608,9137.70000,9137.80000
1525792435413,9137.70000,9137.80000
1525792439232,9137.70000,9137.80000
1525792442440,9137.70000,9137.80000
1525792446081,9137.70000,9137.80000
1525792449568,9137.70000,9137.80000
1525792453031,9137.70000,9137.80000
1525792457363,9137.70000,9137.80000
1525792461432,9137.70000,9137.80000
1525792464715,9137.70000,9137.80000
1525792469161,9137.70000,9137.80000
1525792471621,9137.70000,9140.30000
1525792475961,9139.00000,9144.00000
1525792481072,9141.70000,9148.80000
1525792484845,9146.90000,9148.80000
1525792488398,9146.90000,9148.80000
1525792491697,9146.90000,9148.80000
1525792494950,9146.90000,9148.80000
1525792499407,9146.90000,9148.80000
1525792503632,9147.00000,9148.80000
1525792507876,9147.00000,9148.80000
1525792510293,9147.10000,9148.80000
1525792515748,9147.30000,9148.80000
1525792519280,9147.50000,9148.80000
1525792520354,9147.60000,9148.80000
1525792526688,9147.60000,9148.80000
1525792529913,9147.60000,9148.80000
1525792532275,9147.60000,9148.80000
1525792537893,9147.60000,9148.80000
1525792542307,9147.60000,9148.20000
1525792545684,9147.60000,9148.20000
1525792549156,9147.60000,9148.20000
1525792553001,9147.60000,9148.20000
1525792556708,9147.50000,9148.80000
1525792561261,9148.00000,9148.80000
1525792565316,9148.00000,9148.80000
1525792569160,9148.00000,9148.20000
1525792572877,9148.00000,9148.20000
1525792576301,9148.00000,9148.20000
1525792579491,9148.10000,9148.20000
1525792584955,9148.10000,9149.80000
1525792587702,9148.70000,9149.80000
1525792592555,9148.70000,9149.80000
1525792596515,9148.70000,9149.80000
1525792599254,9148.70000,9149.80000
1525792603612,9149.00000,9149.80000
1525792606596,9149.00000,9149.80000
1525792611116,9148.70000,9149.00000
1525792614786,9148.70000,9149.00000
1525792618725,9148.80000,9149.00000
1525792621623,9148.80000,9149.00000
1525792625456,9148.70000,9149.00000
1525792628453,9149.00000,9149.80000
1525792632497,9149.10000,9149.80000
1525792636709,9149.00000,9149.80000
1525792640221,9149.00000,9149.80000
1525792641580,9149.00000,9149.80000
1525792648131,9151.90000,9152.00000
1525792651136,9151.90000,9152.00000
1525792655561,9151.90000,9152.00000
1525792658155,9150.10000,9151.90000
1525792662889,9150.00000,9151.90000
1525792662889,9150.00000,9151.90000
1525792670335,9150.00000,9152.00000
1525792673670,9150.00000,9150.90000
1525792677652,9150.00000,9152.00000
1525792680807,9150.10000,9152.00000
1525792686405,9150.10000,9150.30000
1525792697594,9150.10000,9150.30000
1525792699793,9150.10000,9150.30000
1525792705619,9150.20000,9150.30000
1525792707137,9150.20000,9150.30000
1525792712934,9150.20000,9150.30000
1525792716279,9150.20000,9150.30000
1525792717924,9150.20000,9150.30000
1525792717924,9150.20000,9150.30000
1525792717924,9150.20000,9150.30000
1525792717924,9150.20000,9150.30000
1525792717924,9150.20000,9150.30000
1525792717924,9150.20000,9150.30000
1525792717924,9150.20000,9150.30000
1525792717924,9150.20000,9150.30000
1525792750013,9150.20000,9150.40000
1525792753956,9150.30000,9152.00000
1525792757138,9150.30000,9152.00000
1525792761480,9150.30000,9152.00000
1525792764512,9150.30000,9152.00000
1525792768911,9150.40000,9150.50000
1525792773117,9150.40000,9150.50000
1525792776771,9150.40000,9150.50000
1525792780220,9150.40000,9150.60000
1525792784531,9150.50000,9150.60000
1525792788592,9150.50000,9150.60000
1525792792255,9150.40000,9150.70000
1525792795914,9150.40000,9150.70000
1525792799754,9154.10000,9158.00000
1525792802206,9154.10000,9158.00000
1525792806654,9154.20000,9158.00000
1525792811653,9154.20000,9155.70000
1525792815176,9155.30000,9155.70000
1525792819017,9154.30000,9155.70000
1525792822439,9155.50000,9158.00000
1525792825652,9155.60000,9158.00000
1525792829125,9156.00000,9158.00000
1525792832690,9156.00000,9158.00000
1525792836932,9156.10000,9158.00000
1525792840809,9156.10000,9157.00000
1525792844650,9156.10000,9157.00000
1525792847007,9156.10000,9157.00000
1525792852215,9156.10000,9158.00000
1525792855471,9156.20000,9158.00000
1525792858984,9156.20000,9158.00000
1525792862514,9156.20000,9158.00000
1525792866689,9156.20000,9158.00000
1525792870177,9156.10000,9158.00000
1525792875325,9156.10000,9158.00000
1525792879313,9156.10000,9158.00000
1525792883643,9156.10000,9158.00000
1525792886872,9156.10000,9158.00000
1525792890945,9156.20000,9158.00000
1525792895366,9156.20000,9158.00000
1525792898499,9156.20000,9158.00000
1525792901752,9156.20000,9158.00000
1525792906220,9157.80000,9160.00000
1525792910293,9157.90000,9159.20000
1525792912908,9157.90000,9159.20000
1525792917518,9157.80000,9159.20000
1525792920990,9154.20000,9156.90000
1525792925120,9152.50000,9156.20000
1525792927821,9152.50000,9156.80000
1525792931647,9156.00000,9160.00000
1525792936126,9156.00000,9157.30000
1525792939521,9154.00000,9156.20000
1525792942714,9154.00000,9156.20000
1525792946854,9154.00000,9156.20000
1525792950191,9153.00000,9156.10000
1525792954181,9153.00000,9156.10000
1525792957773,9153.00000,9156.10000
1525792961465,9150.00000,9156.00000
1525792964036,9150.00000,9156.00000
1525792969097,9150.00000,9155.80000
1525792972666,9150.30000,9153.60000
1525792977758,9149.30000,9150.00000
1525792980539,9149.30000,9149.90000
1525792982065,9149.30000,9149.90000
1525792988256,9141.00000,9141.10000
1525792992032,9135.20000,9141.10000
1525792996528,9137.90000,9139.00000
1525792999267,9138.00000,9138.50000
1525793004077,9137.00000,9138.50000
1525793008615,9138.30000,9146.40000
1525793008615,9138.30000,9146.40000
1525793014221,9138.30000,9146.40000
1525793018672,9143.90000,9146.30000
1525793021768,9146.20000,9150.10000
1525793026323,9146.30000,9150.10000
1525793030166,9146.40000,9150.10000
1525793035250,9146.40000,9146.50000
1525793038588,9146.30000,9146.40000
1525793042525,9146.30000,9146.40000
1525793045998,9146.30000,9146.60000
1525793048603,9146.30000,9146.60000
1525793052693,9146.30000,9146.60000
1525793055780,9146.00000,9146.60000
1525793060557,9146.00000,9146.60000
1525793063455,9146.00000,9146.10000
1525793069385,9146.00000,9146.20000
1525793071768,9143.60000,9146.20000
1525793076435,9143.50000,9149.70000
1525793080655,9143.50000,9146.10000
1525793083314,9144.00000,9146.10000
1525793087272,9144.00000,9146.10000
1525793091033,9143.60000,9146.10000
1525793094896,9144.50000,9146.10000
1525793099660,9144.10000,9146.10000
1525793102125,9144.10000,9146.10000
1525793107223,9141.00000,9146.00000
1525793110900,9141.00000,9148.50000
1525793116168,9140.40000,9145.90000
1525793121373,9140.40000,9145.00000
1525793124940,9140.40000,9144.90000
1525793128712,9140.40000,9144.90000
1525793132280,9140.40000,9141.90000
1525793135720,9140.40000,9141.90000
1525793138825,9140.40000,9141.60000
1525793143004,9140.60000,9141.60000
1525793147128,9140.60000,9141.60000
1525793149925,9140.60000,9141.60000
1525793154526,9140.70000,9141.50000
1525793157359,9140.80000,9141.50000
1525793160803,9137.70000,9141.50000
1525793166330,9137.70000,9139.70000
1525793169997,9137.70000,9139.70000
1525793174458,9137.70000,9139.60000
1525793177232,9137.70000,9139.60000
1525793181009,9137.70000,9139.60000
1525793185356,9135.20000,9139.40000
1525793189220,9134.10000,9139.30000
1525793192157,9134.10000,9139.30000
1525793196057,9134.10000,9135.40000
1525793200841,9134.60000,9135.30000
1525793203213,9134.60000,9135.30000
1525793208299,9134.80000,9138.30000
1525793211642,9139.00000,9139.40000
1525793215754,9139.00000,9139.30000
1525793219978,9139.00000,9139.30000
1525793222158,9139.00000,9139.30000
1525793227537,9139.00000,9139.10000
1525793231027,9134.10000,9139.00000
1525793232143,9134.10000,9139.00000
1525793238597,9137.20000,9138.90000
1525793242239,9136.80000,9138.90000
1525793245767,9137.10000,9141.50000
1525793250144,9137.10000,9141.50000
1525793253932,9137.10000,9140.90000
1525793257596,9137.10000,9140.70000
1525793260019,9137.10000,9140.70000
1525793264456,9137.20000,9140.40000
1525793267869,9137.20000,9140.40000
1525793272459,9137.20000,9140.10000
1525793275868,9137.20000,9140.10000
1525793279242,9137.20000,9140.10000
1525793281552,9137.20000,9140.10000
1525793286594,9139.90000,9142.00000
1525793291010,9139.90000,9141.30000
1525793294758,9139.90000,9144.50000
1525793298612,9140.00000,9144.50000
1525793301945,9140.00000,9143.00000
1525793305210,9140.00000,9140.10000
1525793309320,9134.10000,9140.00000
1525793313212,9134.10000,9140.00000
1525793314347,9134.10000,9139.90000
1525793320810,9136.30000,9139.60000
1525793322045,9136.40000,9139.60000
1525793328541,9136.40000,9139.80000
1525793332289,9136.40000,9139.80000
1525793336074,9130.30000,9139.40000
1525793341058,9138.50000,9139.40000
1525793342226,9138.50000,9139.40000
1525793348232,9134.90000,9142.30000
1525793351842,9130.60000,9139.20000
1525793355108,9133.10000,9139.20000
1525793357608,9137.70000,9139.20000
1525793363398,9137.20000,9141.40000
1525793366507,9137.20000,9141.40000
1525793370005,9137.20000,9140.80000
1525793374205,9137.20000,9140.80000
1525793378157,9130.60000,9140.20000
1525793381587,9136.50000,9139.90000
1525793386297,9129.20000,9139.90000
1525793389832,9129.50000,9139.60000
1525793393998,9129.50000,9139.60000
1525793397204,9129.50000,9139.60000
1525793402032,9129.50000,9139.00000
1525793405452,9127.80000,9134.50000
1525793408128,9127.80000,9134.50000
1525793413369,9129.00000,9134.40000
1525793416941,9129.00000,9134.40000
1525793420539,9125.00000,9129.40000
1525793424184,9125.00000,9129.40000
1525793427599,9126.00000,9129.40000
1525793431947,9127.00000,9134.00000
1525793434303,9122.70000,9128.90000
1525793438598,9126.00000,9128.90000
1525793442430,9126.00000,9128.80000
1525793446726,9126.10000,9128.70000
1525793450660,9125.00000,9128.70000
1525793454578,9125.00000,9127.40000
1525793457211,9125.00000,9127.40000
1525793462112,9125.00000,9128.80000
1525793465328,9125.00000,9128.80000
1525793469408,9125.00000,9128.70000
1525793473157,9127.10000,9128.40000
1525793475687,9127.10000,9128.40000
1525793480029,9128.00000,9128.60000
1525793484287,9128.00000,9128.80000
1525793488700,9128.00000,9128.90000
1525793491901,9128.00000,9128.90000
1525793496009,9128.00000,9128.90000
1525793499452,9128.00000,9128.20000
1525793502964,9128.00000,9128.20000
1525793506642,9128.00000,9128.10000
1525793511047,9128.00000,9128.10000
1525793515227,9128.10000,9128.90000
1525793518288,9128.10000,9128.90000
1525793521130,9128.20000,9128.90000
1525793526828,9128.10000,9133.00000
1525793530435,9128.10000,9128.20000
1525793534451,9128.10000,9128.20000
1525793536863,9128.10000,9128.20000
1525793542469,9128.10000,9128.20000
1525793546033,9128.20000,9129.70000
1525793549585,9139.20000,9139.30000
1525793553599,9139.20000,9139.30000
1525793557080,9139.20000,9139.30000
1525793562125,9139.20000,9139.30000
1525793565725,9139.30000,9145.00000
1525793567986,9139.30000,9145.00000
1525793572242,9144.40000,9145.00000
1525793576125,9144.80000,9145.00000
1525793579757,9144.80000,9145.00000
1525793583787,9144.80000,9145.00000
1525793588949,9144.80000,9145.00000
1525793593572,9144.80000,9145.00000
1525793598114,9144.90000,9145.00000
1525793598114,9144.90000,9145.00000
1525793604758,9144.90000,9145.00000
1525793609244,9144.90000,9145.00000
1525793612805,9144.90000,9145.00000
1525793615992,9145.20000,9149.90000
1525793619953,9149.00000,9149.10000
1525793624126,9149.00000,9150.00000
1525793626944,9146.60000,9149.10000
1525793630940,9149.00000,9149.10000
1525793632085,9149.00000,9149.10000
1525793637076,9149.00000,9149.10000
1525793640765,9149.00000,9149.10000
1525793645348,9149.00000,9149.10000
1525793649732,9147.00000,9149.00000
1525793653361,9148.30000,9149.00000
1525793656181,9148.50000,9149.00000
1525793659976,9148.50000,9149.00000
1525793664202,9148.60000,9149.00000
1525793667452,9148.40000,9149.00000
1525793671293,9147.10000,9148.80000
1525793674401,9147.10000,9148.80000
1525793680077,9147.10000,9149.00000
1525793680077,9147.10000,9149.00000
1525793686851,9147.40000,9148.40000
1525793686851,9147.40000,9148.40000
1525793695366,9147.50000,9148.40000
1525793698668,9147.50000,9149.00000
1525793698668,9147.50000,9149.00000
1525793706877,9147.50000,9149.00000
1525793710229,9144.40000,9148.70000
1525793714894,9144.40000,9148.70000
1525793719050,9147.00000,9147.60000
1525793720029,9147.00000,9147.60000
1525793726056,9147.00000,9148.50000
1525793729640,9147.00000,9148.60000
1525793733640,9147.00000,9148.60000
1525793735809,9144.50000,9148.50000
1525793740707,9147.00000,9148.50000
1525793744090,9147.00000,9148.50000
1525793748323,9147.00000,9148.50000
1525793750912,9147.00000,9148.50000
1525793755546,9147.00000,9148.60000
1525793759433,9144.40000,9148.60000
1525793763194,9147.00000,9148.60000
1525793767223,9147.00000,9148.60000
1525793770872,9144.40000,9148.50000
1525793774810,9147.00000,9148.50000
1525793778593,9147.10000,9148.50000
1525793782070,9147.10000,9148.70000
1525793785979,9144.40000,9148.40000
1525793789573,9144.40000,9148.30000
1525793793112,9144.40000,9148.30000
1525793797384,9144.40000,9144.60000
1525793801736,9144.40000,9144.60000
1525793804929,9144.40000,9144.60000
1525793808417,9144.40000,9144.60000
1525793812732,9144.40000,9144.60000
1525793816857,9144.40000,9144.60000
1525793820807,9142.00000,9144.60000
1525793824607,9144.50000,9148.60000
1525793828329,9144.50000,9148.60000
1525793832300,9144.50000,9148.60000
1525793833627,9144.50000,9148.60000
1525793840049,9144.50000,9148.60000
1525793843693,9144.50000,9148.60000
1525793847782,9142.10000,9148.40000
1525793850846,9142.40000,9148.40000
1525793854791,9143.80000,9148.40000
1525793859277,9143.90000,9148.70000
1525793862539,9142.40000,9148.60000
1525793866759,9143.70000,9148.50000
1525793869443,9142.60000,9148.40000
1525793873172,9142.60000,9148.40000
1525793876690,9144.80000,9148.30000
1525793880475,9144.90000,9148.30000
1525793884984,9144.90000,9148.30000
1525793888859,9144.70000,9148.30000
1525793890218,9144.70000,9148.30000
1525793895760,9144.60000,9148.60000
1525793898448,9144.60000,9148.50000
1525793903788,9144.70000,9148.40000
1525793907304,9144.70000,9148.40000
1525793910713,9144.70000,9148.30000
1525793914722,9145.00000,9148.60000
1525793917577,9145.00000,9148.60000
1525793921402,9145.00000,9148.60000
1525793925876,9145.00000,9148.60000
1525793928813,9145.00000,9148.40000
1525793933536,9145.00000,9145.20000
1525793936273,9145.00000,9145.20000
1525793939018,9145.00000,9145.20000
1525793948067,9145.00000,9145.20000
1525793951357,9145.00000,9145.20000
1525793955585,9145.00000,9148.70000
1525793959535,9145.20000,9148.70000
1525793963036,9145.20000,9148.50000
1525793966575,9145.20000,9148.50000
1525793969478,9145.20000,9148.50000
1525793974142,9145.20000,9148.50000
1525793978629,9145.20000,9145.40000
1525793981481,9145.20000,9145.40000
1525793985725,9145.20000,9145.40000
1525793989380,9145.20000,9145.40000
1525793992119,9145.20000,9145.40000
1525793995639,9145.20000,9148.60000
1525793999584,9146.20000,9148.60000
1525794003790,9145.20000,9148.60000
1525794007331,9145.20000,9148.60000
1525794010920,9145.20000,9145.40000
1525794014725,9145.20000,9145.40000
1525794019090,9145.30000,9145.40000
1525794021293,9145.30000,9145.40000
1525794026454,9145.30000,9145.50000
1525794030140,9145.30000,9145.50000
1525794033596,9145.40000,9145.50000
1525794037409,9145.40000,9145.50000
1525794041504,9145.00000,9145.50000
1525794045856,9145.00000,9145.40000
1525794049113,9145.00000,9145.40000
1525794052582,9145.00000,9145.50000
1525794055920,9145.00000,9145.50000
1525794060251,9145.00000,9149.00000
1525794061318,9145.00000,9149.00000
1525794068466,9145.50000,9147.00000
1525794070990,9145.50000,9148.30000
1525794076329,9145.50000,9148.30000
1525794078138,9145.50000,9148.30000
1525794081532,9145.60000,9148.90000
1525794087178,9145.70000,9149.00000
1525794090572,9145.70000,9149.00000
1525794094769,9145.80000,9149.00000
1525794098923,9145.70000,9149.00000
1525794101993,9145.70000,9149.00000
1525794105867,9145.70000,9149.00000
1525794110330,9145.70000,9149.00000
1525794113269,9145.70000,9149.00000
1525794117254,9145.70000,9149.00000
1525794122796,9145.00000,9145.70000
1525794127298,9145.60000,9149.00000
1525794128920,9145.60000,9149.00000
1525794133963,9145.70000,9148.90000
1525794137421,9145.70000,9148.90000
1525794140851,9148.90000,9149.00000
1525794146428,9148.90000,9149.00000
1525794149657,9148.90000,9149.00000
1525794153739,9148.90000,9149.00000
1525794157323,9148.90000,9149.00000
1525794161547,9148.90000,9149.00000
1525794165876,9148.90000,9149.00000
1525794169044,9148.90000,9149.00000
1525794172730,9148.90000,9149.00000
1525794174939,9148.90000,9149.00000
1525794179923,9148.90000,9149.00000
1525794182132,9148.90000,9149.00000
1525794187907,9148.90000,9149.00000
1525794191578,9148.90000,9149.00000
1525794195222,9148.90000,9149.00000
1525794198123,9148.90000,9149.00000
1525794202609,9148.90000,9149.00000
1525794206268,9148.90000,9149.00000
1525794210342,9148.90000,9149.00000
1525794214180,9148.90000,9149.00000
1525794217084,9148.90000,9149.00000
1525794220688,9148.90000,9149.00000
1525794224281,9148.90000,9149.00000
1525794229716,9148.90000,9149.00000
1525794233508,9148.90000,9149.00000
1525794236867,9148.90000,9149.00000
1525794240785,9148.90000,9149.00000
1525794245285,9148.90000,9149.00000
1525794248548,9148.90000,9149.00000
1525794252640,9148.90000,9149.00000
1525794253780,9148.90000,9149.00000
1525794259530,9148.90000,9149.00000
1525794263478,9148.90000,9149.00000
1525794266490,9148.90000,9149.00000
1525794270953,9148.90000,9149.00000
1525794275324,9150.00000,9154.90000
1525794278288,9150.00000,9154.90000
1525794283234,9154.80000,9154.90000
1525794287273,9154.80000,9154.90000
1525794288398,9154.80000,9154.90000
1525794294714,9154.80000,9154.90000
1525794297897,9154.80000,9154.90000
1525794301229,9154.70000,9154.90000
1525794305153,9154.70000,9154.90000
1525794309373,9154.70000,9154.90000
1525794314134,9154.70000,9154.90000
1525794316628,9154.80000,9154.90000
1525794320586,9154.80000,9154.90000
